3275 5009
291 381 341 436 198
806 380 972 436 Sententiae

291 587 396 673 signis
419 588 612 673 praedictis,
635 591 737 654 etiam
770 586 842 657 sine
863 575 1021 656 ¹testibus
1053 592 1237 670 conquesta
1267 585 1379 670 fuerit,
1410 605 1484 654 cum

289 694 416 761 duobus
448 692 563 777 digitis
595 693 629 759 in
662 709 761 760 cruce
793 710 831 758 se
863 692 1075 778 expurgabit
1107 691 1154 758 Idt
1183 692 1261 772 quia
1287 691 1322 758 iu
1343 691 1483 759 Juribus

290 795 518 881 originalibus
540 797 699 866 scribitur
722 796 813 864 circa
836 795 937 863 istum
968 795 1111 879 titulum,
1142 797 1200 863 ubi
1230 796 1356 863 mentio
1380 795 1420 861 fit
1441 797 1484 862 de

290 901 532 968 exclamatione
548 907 583 968 et
599 900 740 968 termino
756 899 992 984 querimoniae,
1016 900 1293 967 considerandum
1312 902 1374 978 est,
1397 900 1486 978 quod

290 1023 428 1086 semper,
463 1025 536 1072 cum
570 1006 665 1088 virgo
703 1005 758 1075 vel
794 1005 914 1072 mulier
948 1007 1022 1074 vult
1055 1005 1291 1088 querimoniam
1324 1003 1487 1086 obtinere,

290 1111 391 1177 debet
420 1109 616 1193 specialiter
645 1111 788 1192 probare
812 1109 988 1176 cmmorem
1011 1127 1048 1175 se
1070 1108 1212 1192 iecisse;
1241 1109 1271 1175 si
1302 1109 1389 1176 enim
1419 1126 1485 1174 non

290 1213 496 1298 clamaverit,
519 1214 579 1280 sed
602 1213 758 1293 tacuerit,
780 1212 953 1280 videbitur
975 1213 1165 1280 voluntarie
1187 1213 1407 1280 consensisse.
1430 1213 1483 1280 Ad

288 1323 452 1385 terrorem
469 1321 579 1384 autem
597 1335 840 1401 oppressorum,
857 1318 945 1397 quod
961 1337 981 1384 a
997 1319 1088 1385 dicto
1104 1317 1233 1386 scelere
1251 1317 1315 1384 sibi
1330 1321 1486 1399 caveant,

290 1427 343 1488 est
361 1422 523 1487 terminus
539 1420 574 1487 in
588 1419 775 1506 hujusmodi
789 1420 1005 1501 querimoniis
1016 1424 1059 1493 ad
1073 1421 1144 1489 dies
1156 1421 1239 1489 XIV
1251 1423 1487 1505 prolongatus,

289 1527 378 1593 unde
401 1525 502 1592 etiam
526 1525 559 1590 in
581 1525 791 1607 praescripto
806 1525 906 1592 titulo
925 1531 1062 1607 praeter
1077 1531 1191 1592 modos
1208 1527 1434 1607 conquerendi
1448 1531 1485 1591 ct

290 1629 499 1714 expurgandi
515 1629 705 1712 praedictos
722 1629 882 1696 scribitur
896 1629 959 1698 sic:
977 1631 1188 1712 ,Praeterea
1199 1631 1230 1697 si
1241 1630 1300 1698 illa
1312 1630 1400 1696 infra
1412 1630 1487 1696 dies

273 1791 277 1798 ,s
288 1734 371 1802 X1v
393 1733 582 1800 testimonio
605 1732 672 1799 VIl
687 1732 894 1800 credibilium
910 1734 1055 1802 virorum
1072 1735 1164 1801 illum
1180 1735 1374 1818 convicerit,
1391 1735 1486 1801 nulla

289 1839 352 1906 sibi
377 1837 572 1905 conceditur
593 1837 801 1920 expurgatio,
825 1838 885 1904 sed
908 1837 1047 1920 capitali
1062 1839 1233 1905 sententia
1250 1837 1458 1922 punietur.“·

394 1941 456 2026 (De
481 1940 678 2024 oppresione
702 1959 783 2007 vero
806 1941 956 2008 mulieris
979 1943 1160 2009 communis
1183 1960 1306 2022 quaere
1329 1942 1365 2008 iu
1384 1941 1489 2008 titulo

289 2045 502 2128 subscripto.)

391 2177 586 2243 dea-495.
609 2176 660 2238 Dc
683 2174 874 2238 mulieribus
897 2178 1053 2243 deductu.
1077 2177 1113 2244 Si
1136 2178 1209 2257 quis
1231 2176 1332 2245 alteri
1348 2190 1499 2244 uxorem.

289 2279 475 2366 legitimam
499 2277 676 2346 deduxerit
707 2282 759 2344 et,
773 2283 900 2361 septem
927 2280 1061 2351 idoneis
1087 2281 1243 2364 testibus,
1269 2286 1330 2349 aut
1356 2283 1492 2348 duobus

290 2385 408 2453 vicinis
431 2384 530 2466 illius,
553 2386 646 2468 cujus
670 2401 805 2449 uxorem
829 2385 951 2469 rapuit,
969 2384 1195 2454 convincitur:
1211 2405 1277 2453 una
1293 2403 1367 2451 cum
1383 2403 1489 2452 uxore

287 2494 387 2571 rapta
410 2489 479 2572 pali
501 2486 536 2574 (i.
560 2505 589 2554 e.
610 2487 693 2570 ligni
718 2487 894 2568 praeacuti
917 2507 977 2555 seu
996 2489 1112 2573 frustis)
1136 2493 1245 2572 poena
1272 2489 1443 2556 morietur.

393 2592 436 2659 Si
451 2591 570 2671 aliquis
590 2591 690 2674 juxta
706 2610 843 2658 uxorem
858 2611 949 2659 suam
966 2593 1152 2675 quempiam
1170 2593 1437 2674 deprehenderit
1450 2598 1489 2660 et

180 2787 182 2790 Υ
288 2700 402 2765 ambos
418 2693 479 2782 (sc.
494 2695 683 2762 adulterum
699 2700 734 2762 et
745 2694 947 2783 adulteram)
963 2696 1190 2764 interfecerit:
1207 2696 1323 2764 statim
1334 2697 1484 2782 judicem

289 2807 324 2870 et
346 2803 476 2886 juratos
500 2799 635 2867 vocabit
657 2804 693 2866 et
715 2799 824 2866 dictas
848 2818 1009 2882 personas
1032 2799 1231 2868 interfectas
1253 2803 1297 2867 ad
1320 2805 1485 2868 terrorem

289 2905 428 2973 aliorum
451 2904 527 2986 pale
549 2922 609 2970 seu
632 2901 721 2969 fuste
745 2903 940 2985 perforabit.
972 2903 1008 2971 Si
1030 2923 1111 2972 vero
1134 2905 1242 2972 virum
1274 2903 1491 2972 interfecerit

288 3015 324 3076 et
354 3026 438 3074 uxor
467 3006 631 3090 effugerit,
662 3007 715 3074 vel
742 3024 947 3074 econverso
975 3026 1113 3077 uxorem
1142 3008 1353 3075 interfecerit
1375 3014 1412 3074 et
1436 3009 1491 3075 vir

288 3111 460 3197 effugerit:
504 3116 585 3177 tuuc
631 3111 660 3177 si
706 3110 905 3179 interfector
947 3111 1060 3196 fugam
1105 3117 1139 3178 et
1178 3130 1346 3180 recessum
1385 3113 1489 3179 unius

288 3215 479 3283 mettertius
502 3215 704 3295 probaverit,
730 3234 788 3297 pro
811 3215 1047 3283 interfectione
1071 3215 1211 3282 alterius
1228 3216 1311 3282 nulli
1326 3219 1490 3284 emendae

289 3339 348 3387 seu
371 3316 597 3387 satisfactioni
620 3320 817 3403 subjacebit.

393 3423 439 3489 Et
461 3423 496 3489 in
518 3441 599 3489 casu
621 3423 809 3490 eductionis
834 3423 947 3489 uxoris
971 3425 1024 3491 vir
1046 3441 1111 3490 non
1134 3429 1215 3508 aget
1243 3442 1304 3506 per
1326 3443 1489 3506 procura·

288 3534 404 3612 torem,
428 3529 486 3594 sed
510 3527 646 3610 propria
668 3527 703 3593 iu
726 3546 878 3608 persona.

392 3631 428 3698 Si
451 3636 561 3697 autem
587 3631 638 3699 vir
661 3632 859 3698 vulneratus
882 3631 937 3697 vel
959 3648 1043 3697 uxor
1064 3631 1242 3698 vulnerata
1267 3631 1426 3717 effugerit
1450 3639 1488 3700 et

289 3743 407 3818 postea
422 3734 508 3800 idem
525 3734 579 3800 vir
594 3736 751 3802 detentus
763 3736 819 3803 vel
834 3736 953 3802 mulier
965 3737 1103 3801 detenta
1115 3733 1232 3800 fuerit:
1250 3735 1317 3801 VII
1329 3755 1486 3804 manuum

289 3839 480 3907 testimonio
504 3838 723 3907 convincetur
746 3843 779 3906 el
805 3840 983 3921 capitalem
1007 3839 1208 3905 sententiam
1230 3841 1423 3909 sustinebit.

393 3943 428 4010 si
451 3942 572 4022 aliquis
595 3945 637 4009 ab
661 3962 764 4011 uxore
788 3963 849 4009 sua
871 3943 1022 4028 legitima
1042 3942 1223 4009 recesserit
1240 3949 1275 4009 et
1291 3961 1331 4010 ea
1346 3945 1488 4012 vivente

290 4050 388 4115 aliam
411 4047 647 4128 superduxerit
669 4053 704 4114 et
727 4049 768 4114 de
784 4048 848 4114 hoc
864 4045 1040 4114 convictus
1055 4045 1173 4114 fuerit:
1198 4046 1359 4114 decollari
1374 4050 1488 4117 debet.

290 4150 353 4238 Qui
377 4149 476 4217 alicui
499 4149 600 4215 filiam
624 4168 716 4217 suam
740 4151 919 4218 deduxerit
941 4156 977 4216 et
1000 4169 1073 4217 cum
1096 4151 1171 4232 ipsa
1193 4153 1352 4220 detentus
1373 4154 1491 4239 lirerit,

286 4255 410 4342 judicio
441 4254 502 4320 tali
529 4254 737 4338 jndicabitur
764 4256 797 4321 in
822 4253 1015 4336 praesentia
1034 4253 1157 4338 judicis
1181 4258 1216 4321 et
1234 4255 1429 4339 juratorum
1453 4264 1488 4324 et

288 4359 428 4425 aliorum
451 4358 626 4439 proborum
654 4359 800 4426 virorum
824 4376 864 4425 ac
887 4362 1080 4440 parentum:
1110 4356 1199 4427 Filia
1225 4362 1401 4440 praedicta
1423 4381 1489 4430 nec
