3275 5009
189 339 191 345 f
262 309 318 362 222
536 373 540 382 1
691 375 694 385 Ι
783 307 946 359 Sententiae

264 516 450 600 hujusmodi
474 517 565 582 cives
588 534 630 582 ex
653 533 701 598 eo,
734 515 812 595 quia
842 523 940 580 extra
969 521 1095 579 terram
1120 518 1234 579 essent
1267 511 1457 578 residentes

261 624 299 683 et
314 625 493 700 propterea
510 623 729 686 censerentur
744 619 905 702 hospites,
923 623 1156 699 procuratores
1173 635 1232 683 111
1248 622 1360 682 certos
1380 634 1460 681 suos

263 723 398 790 nuntios
429 742 502 789 cum
530 723 655 789 litteris
685 723 880 805 patentibus
910 740 1045 788 suarum
1068 721 1253 805 civitatum,
1276 721 1401 804 stylum
1425 723 1462 785 et

259 825 398 893 formam
419 828 640 908 procuratorii
662 832 823 907 quantum
841 828 884 893 ad
902 827 1173 893 ratihabitionem
1198 823 1462 905 continentibus

261 933 307 995 ad
331 949 441 998 eorum
465 931 635 998 consilium
659 931 858 1013 mitteretur,
889 931 956 996 illis
979 936 1155 997 teneretur
1177 939 1212 995 et
1235 948 1348 996 eorum
1372 927 1460 995 civis

263 1036 481 1116 subscriptor,
512 1035 599 1102 sicut
621 1035 703 1117 ipsis
734 1035 914 1113 actoribus,
946 1034 976 1099 si
998 1034 1220 1115 personaliter
1252 1038 1461 1114 comparent,

260 1140 305 1205 de
324 1139 460 1223 justitia
483 1142 697 1223 respondere.

368 1243 563 1332 (Residuum
588 1246 628 1309 de
651 1244 923 1340 procuratoribus
946 1261 1070 1324 quaere
1087 1262 1188 1326 supra
1206 1242 1284 1324 ,De
1307 1247 1462 1306 actore

260 1353 306 1413 et
329 1350 419 1413 re0“
445 1367 505 1430 per
529 1348 642 1429 plures
666 1348 852 1434 articulos.)
1488 1418 1490 1423 ,

366 1452 484 1535 Nota,
507 1453 593 1532 quod
615 1452 674 1535 1111,
697 1452 753 1532 111
769 1453 841 1536 agit
858 1472 917 1534 pro
933 1453 1131 1518 deductione
1148 1450 1260 1516 uxoris
1276 1447 1460 1532 legitimae,

262 1562 618 1640 procuratornegatur,
629 1558 714 1624 sicut
726 1558 879 1640 superius
891 1557 1062 1624 invenitur
1074 1559 1135 1622 sub
1149 1556 1258 1622 titulis
1266 1557 1335 1639 jam
1347 1553 1460 1618 dictis.

503 1748 749 1829 Capitulum
773 1747 868 1816 LIV:
892 1749 951 1814 De
974 1748 1217 1830 promissis.

366 1885 517 1950 111111
544 1886 716 1970 promissis
748 1894 778 1947 11
803 1885 1103 1970 pollicitationibus
1134 1887 1169 1946 111
1196 1905 1318 1968 peracre.
1361 1883 1463 1950 Circa

262 1990 424 2072 promissa
447 1989 651 2073 generaliter
682 1993 881 2056 servandum
908 1999 969 2070 est,
1000 1993 1087 2070 quod
1111 1993 1243 2072 pactum
1273 1995 1372 2069 turpe
1405 1988 1463 2053 vel

260 2094 311 2159 rei
334 2094 443 2175 turpis
467 2100 502 2159 et
524 2093 738 2175 impossibilis
761 2097 802 2160 de
822 2097 898 2179 jure
921 2096 976 2161 vel
999 2097 1038 2160 de
1058 2093 1148 2159 facto
1166 2094 1288 2158 nullum
1304 2092 1464 2175 obligati-

261 2216 354 2263 onem
378 2198 515 2265 inducit.
546 2199 592 2264 Et
615 2199 738 2267 dicitur
761 2208 894 2281 pactum
918 2210 1024 2284 turpe,
1055 2202 1142 2280 quod
1172 2200 1210 2265 fit
1233 2217 1293 2281 per
1322 2217 1463 2265 usuram

258 2305 296 2367 et
319 2303 437 2368 dolum.
472 2303 610 2370 Pactum
634 2303 685 2369 rei
715 2305 822 2386 turpis
846 2303 978 2389 dicitur,
1008 2309 1046 2370 nt
1068 2305 1097 2369 si
1126 2304 1248 2383 aliquis
1280 2303 1464 2384 promittat

261 2424 299 2473 se
320 2407 484 2472 hominem
507 2407 595 2474 velle
617 2407 817 2474 interficere.
847 2408 986 2475 Pactum
1009 2407 1059 2474 rei
1082 2407 1297 2491 impossibilis
1322 2405 1463 2485 dieitur,

261 2515 299 2576 ut
333 2509 362 2575 si
392 2511 512 2591 aliquis
547 2512 724 2592 promittat
756 2529 793 2578 se
828 2514 955 2579 coelum
989 2512 1077 2580 velle
1110 2511 1225 2596 ligare,
1269 2512 1356 2592 quod
1391 2529 1463 2578 non

263 2617 445 2680 moveatur.

261 2783 263 2788 v
364 2753 436 2815 593.
471 2753 521 2816 De
547 2754 725 2836 promissis
757 2754 987 2837 personalibus
1022 2757 1108 2820 inter
1135 2765 1260 2840 portes.
1297 2751 1334 2820 Si
1367 2755 1462 2821 inter

260 2861 375 2938 partes
397 2856 570 2941 litigantes
586 2862 622 2924 et
637 2864 834 2940 praesentes
857 2864 989 2925 tantum
1012 2858 1202 2941 personalia
1225 2876 1327 2940 super
1342 2858 1460 2939 aliqua

257 2960 455 3040 quaestione
489 2960 653 3042 promissa
688 2963 771 3029 fiant
809 2972 844 3029 et
876 2967 993 3044 pacta:
1027 2963 1085 3030 illa
1114 2962 1194 3045 J'nra
1223 2981 1461 3030 successorum

259 3063 426 3130 dictarum
458 3065 602 3148 partium
632 3084 697 3132 nou
728 3072 895 3134 evacuant
928 3072 964 3132 et
986 3065 1200 3149 extinguunt3
1234 3071 1344 3150 pacta,
1367 3067 1462 3135 inter

260 3168 346 3234 alios
371 3176 457 3253 acta,
481 3169 556 3236 aliis
580 3172 697 3236 obesse
721 3190 787 3238 non
808 3179 958 3253 possunt.

364 3325 436 3388 594.
461 3324 511 3386 Dc
529 3325 704 3412 promissis
727 3336 880 3408 quantum
904 3326 948 3389 ud
972 3324 1249 3412 disbriqatc'onem.
1273 3327 1459 3402 Heinriuus

257 3428 475 3507 conqueritur
498 3428 540 3494 de
563 3429 675 3512 Petro,
698 3431 785 3509 quod
809 3447 936 3512 equum,
960 3447 1056 3510 quem
1087 3429 1226 3513 abipso
1257 3433 1346 3501 emit.
1381 3453 1459 3514 pro·

259 3530 389 3597 miserit
412 3530 476 3597 sibi
495 3531 529 3596 in
545 3537 637 3598 terra
653 3532 742 3617 (tali)
758 3538 793 3600 et
815 3533 988 3615 provincia
1003 3531 1096 3620 (tali)
1112 3536 1154 3599 ab
1171 3537 1458 3606 arrestationibus

259 3633 399 3701 liberum
429 3633 550 3719 facere,
579 3637 666 3718 quod
695 3637 884 3720 vulgariter
910 3638 1152 3721 ,leutscherm“
1178 3639 1308 3706 dicitur.
1332 3641 1459 3709 Petrus

259 3756 350 3823 vero,
371 3741 413 3805 de
442 3741 603 3821 promisso
626 3739 808 3824 confessus,
843 3743 933 3826 dicit,
963 3746 1050 3823 quod
1080 3749 1198 3826 postea
1231 3761 1292 3825 per
1324 3746 1459 3826 aliquot

257 3842 332 3908 dies
355 3843 542 3925 percipiens
565 3861 683 3924 equum
705 3862 742 3910 11
765 3844 799 3910 11
824 3845 913 3931 (tali)
934 3847 1016 3931 loco,
1047 3866 1093 3913 11.
1123 3849 1157 3913 11
1180 3867 1246 3913 111
1277 3849 1459 3916 civitatum

259 3945 294 4011 in
317 3947 489 4028 provincia
512 3947 663 4014 Heinrici
685 3949 835 4032 sitarum,
857 3950 888 4014 si
909 3951 1064 4018 fortassis
1081 3953 1204 4019 ibidem
1219 3958 1460 4039 arrestatetur,

259 4051 448 4134 disbrigare
481 4070 547 4118 non
582 4070 688 4134 posse.
731 4053 911 4120 Henricum
950 4074 1023 4121 cum
1053 4058 1166 4140 jurato
1199 4056 1353 4140 accessit,
1392 4059 1460 4127 sibi

259 4154 384 4238 diosna,
408 4158 496 4235 quod
519 4161 657 4238 recepta
680 4158 822 4239 pecunia
839 4159 1050 4243 venditionis,
1065 4161 1120 4226 vel
1136 4179 1255 4241 equum
1278 4179 1372 4228 suum
1392 4165 1460 4230 sibi

259 4258 427 4343 restituet,
449 4259 504 4327 vel
525 4260 633 4341 ipsum
656 4260 691 4325 iu
715 4261 845 4349 (talem)
869 4263 985 4345 locum,
1021 4264 1076 4330 nbi
1105 4263 1213 4347 ipsum
1240 4283 1306 4332 non
1334 4266 1458 4334 disbri·
