3275 5009
237 390 291 441 358
664 347 667 353 ι
765 390 915 443 Addenda:

340 599 414 665 270.
439 598 497 663 De
522 597 615 663 illis
633 598 1290 677 quinooivostenenthomines.
1308 599 1434 678 Siquis

235 701 414 768 infamatus
430 699 541 780 fuerit,
564 703 652 781 quod
675 703 811 768 nocivos
834 707 953 768 teneat
975 703 1134 785 homines,
1156 703 1258 786 fures,
1284 703 1434 769 latrones

237 810 272 873 et
294 805 378 872 alios
401 823 631 890 quoscumque,
648 806 753 888 prime
773 808 848 874 uice
864 807 1061 873 ammonitus
1077 808 1168 872 solus
1185 808 1434 892 expurgabitur,

235 911 381 1002 secunda
418 911 619 992 mettertiuS,
655 912 758 977 tertia
796 916 1023 993 metquartus3
1060 917 1181 991 quarta
1215 912 1243 977 si
1277 911 1434 979 inventus

235 1014 348 1096 fuerit,
374 1014 537 1081 consimili
565 1033 671 1097 poena
694 1017 862 1097 puniatur.
886 1015 1094 1102 (XXXVII.)

339 1147 415 1213 271.
451 1145 567 1229 Quod
601 1165 675 1212 rex
709 1147 780 1214 vei
810 1147 1011 1213 vicarius
1043 1149 1139 1231 ejus
1163 1147 1329 1229 deJ‘ure
1352 1164 1435 1213 non

236 1254 388 1329 potest
412 1250 589 1331 privare
609 1248 786 1331 juratos
810 1252 1220 1335 causasjndicaudi.
1238 1250 1436 1334 Quaesitum

235 1352 300 1418 fuit
323 1372 342 1417 a
365 1353 496 1419 civibus
519 1355 560 1421 de
584 1356 727 1437 Ohutna,
758 1355 788 1421 si
819 1355 969 1421 dominus
1005 1374 1065 1422 rex
1097 1357 1148 1422 vel
1181 1355 1254 1437 ejus
1286 1356 1435 1421 vicarios

234 1456 377 1541 judicem
405 1457 556 1524 civitatis
585 1465 619 1523 et
648 1460 779 1543 juratos
813 1460 948 1540 privare
981 1467 1097 1541 posset
1127 1465 1299 1541 potestate
1333 1478 1437 1541 super

236 1562 423 1627 homicidiis
446 1564 499 1627 vel
523 1562 633 1628 causis
659 1562 837 1646 majoribus
865 1564 920 1629 vel
944 1566 1124 1631 minoribus
1146 1564 1327 1647 judicandi,
1360 1581 1438 1630 cum
1494 1636 1500 1641 ,

236 1666 271 1731 in
294 1665 481 1747 privilegiis
500 1666 622 1745 jurium
646 1683 778 1734 suorum
800 1669 940 1734 eandem
955 1668 1038 1750 ipsis
1056 1669 1188 1735 dederit
1205 1668 1433 1751 potestatem?

237 1769 363 1853 Quibus
387 1788 580 1851 responsum
595 1770 667 1853 fuit,
692 1771 769 1851 qnia
794 1771 859 1837 nisi
881 1774 1045 1839 demerita
1058 1774 1181 1858 judicis
1197 1780 1232 1841 et
1244 1775 1433 1857 juratorum

235 1876 298 1941 hoc
332 1875 517 1957 exigerent,
552 1877 592 1940 de
622 1874 698 1958 jure
733 1895 798 1941 uon
833 1882 954 1959 potest,
988 1878 1068 1942 licet
1094 1880 1136 1943 de
1158 1877 1247 1944 facto
1272 1879 1335 1943 hoc
1359 1879 1435 1943 fieri

236 1987 366 2061 possem
390 1978 599 2061 privilegium
622 1979 707 2046 enim
733 1986 879 2045 meretur
902 1980 1067 2057 amittere,
1099 1981 1153 2061 qui
1184 2000 1345 2047 concessa
1369 1982 1438 2047 sibi

236 2085 388 2150 abutitur
411 2088 588 2163 potestate.
612 2083 671 2167 (9.)

325 2215 414 2280 ‘272
439 2212 662 2293 inquibus
686 2216 832 2281 causis
860 2216 1127 2282 camerarius
1159 2217 1290 2282 habet
1319 2216 1432 2300 judi-

237 2336 342 2384 oare.
368 2318 565 2401 Quaesitum
589 2324 642 2382 est
665 2321 705 2384 ab
730 2319 866 2400 eisdem,
890 2326 1001 2385 utrum
1028 2339 1088 2401 per
1125 2320 1269 2400 aliquem
1300 2322 1435 2385 modum

236 2423 440 2487 camerarius
464 2422 517 2487 vei
541 2422 630 2487 alter
652 2424 742 2505 regis
767 2422 922 2489 officialis
944 2425 1077 2504 aliquas
1101 2443 1220 2490 causas
1243 2422 1306 2490 sibi
1324 2442 1432 2489 reser-

237 2544 317 2592 vare
351 2531 474 2607 posset,
506 2526 688 2591 inhibendo
719 2527 824 2607 judici
860 2533 896 2593 et
928 2530 1057 2610 juratis,
1091 2546 1132 2593 ne
1163 2530 1207 2593 ad
1230 2528 1433 2593 decisionem

236 2648 412 2696 causarum
436 2633 658 2711 procederent
679 2634 867 2698 earundem.
892 2633 999 2714 Super
1014 2650 1079 2712 quo
1096 2632 1338 2698 sententiatum
1352 2631 1434 2697 fuit:

237 2733 324 2815 Quia
356 2734 559 2801 camerarius
582 2738 624 2801 de
644 2736 720 2817 J'ure
744 2737 860 2802 nullas·
877 2755 997 2802 causas
1017 2736 1123 2821 judici
1146 2745 1182 2801 et
1200 2736 1325 2820 juratis
1348 2734 1432 2801 diffi-

236 2838 375 2903 niendas
398 2837 549 2904 inhibere
575 2846 697 2919 posset,
720 2841 787 2905 nisi
810 2841 1014 2922 specialiter,
1047 2844 1085 2907 de
1110 2840 1228 2920 quibus
1260 2859 1370 2905 coram
1393 2858 1433 2905 eo

237 2942 441 3020 querimonia
464 2950 662 3023 moveretur,
679 2944 733 3009 vei
755 2963 812 3025 pro
830 2943 947 3024 quibus
965 2945 1181 3026 expediendis
1196 2948 1241 3009 ad
1257 2944 1435 3010 civitatem

236 3046 352 3111 venire
375 3050 560 3129 rogaretur,
584 3050 638 3113 vel
663 3068 720 3129 pro
744 3050 864 3128 quibus
888 3070 909 3113 a
931 3050 1112 3116 sententiis
1129 3048 1333 3130 perjuratus
1354 3050 1434 3113 latis

236 3151 279 3214 ad
302 3150 408 3231 ipsum
432 3149 536 3216 suerit
552 3153 765 3235 appellatum,
785 3154 839 3217 rei
855 3156 975 3233 quibus
992 3161 1088 3219 actor
1103 3159 1223 3218 contre
1234 3152 1381 3233 judicem
1397 3159 1434 3215 et

232 3256 364 3339 juratos
374 3256 798 3337 sententialitertamquam
808 3271 1009 3325 contrareos
1020 3258 1183 3339 placitare
1193 3248 1340 3322 haberet.
1350 3256 1433 3342 (10.)

339 3386 414 3453 273.
440 3386 526 3450 Vou
550 3388 782 3471 spiczigen
806 3394 1008 3456 swerten.
1031 3388 1096 3453 Ain
1118 3390 1434 3470 manwartbesagt

236 3506 302 3553 ron
336 3488 441 3554 einem
476 3492 654 3572 scheppen,
688 3494 748 3557 das
783 3512 828 3575 yn
860 3496 920 3558 der
942 3493 1069 3557 richter
1092 3490 1248 3575 bagrayff
1266 3493 1434 3558 iu'einem

235 3593 400 3673 leythaws
423 3593 482 3657 mit
506 3593 610 3660 einem
635 3596 830 3678 gespiozten
853 3602 971 3677 swert3
1004 3598 1159 3661 dasseibe
1182 3602 1287 3661 swert
1303 3595 1434 3661 fordert

235 3698 295 3761 der
318 3697 446 3762 richter
468 3716 511 3763 au
533 3717 587 3779 yn,
611 3700 670 3763 das
694 3718 732 3763 er
753 3719 808 3783 yrn
842 3718 877 3765 es
911 3700 1033 3782 ausgeb
1057 3699 1119 3765 auf
1149 3700 1204 3765 eiu
1227 3700 1338 3780 recht,
1372 3701 1434 3765 des

236 3801 356 3867 widert
380 3820 416 3866 er
439 3800 509 3866 sich
533 3820 562 3865 u.
586 3803 672 3868 woid
696 3804 769 3869 sein
792 3805 886 3870 nieht
909 3811 977 3869 tun.
1011 3804 1062 3869 Do
1086 3804 1133 3871 vil
1155 3823 1201 3888 yn
1222 3808 1285 3870 der
1306 3803 1435 3869 richter

236 3922 296 3984 an;
318 3907 357 3969 do
382 3904 468 3968 wald
492 3922 528 3969 er
551 3906 622 3970 sein
648 3907 797 3972 deunoch
820 3908 914 3972 nieht
936 3912 1057 3973 iassen.
1090 3907 1239 3974 Darumb
1272 3913 1360 3974 wart
1396 3926 1435 3973 er

236 4009 356 4090 geteiit
379 4010 450 4072 dem
474 4008 601 4073 ricimer
623 4012 682 4075 mit
705 4010 768 4075 LX
784 4010 973 4092 schilingen
988 4013 1056 4076 und
1074 4012 1244 4078 ecziichen
1261 4014 1434 4094 scheppen

235 4113 296 4177 mit
319 4113 455 4195 dreysig
482 4114 542 4178 der
564 4114 699 4179 kurzen.
725 4112 828 4199 (138.)

340 4236 415 4302 274.
433 4235 490 4300 De
508 4254 706 4301 mensura
722 4242 763 4301 et
780 4238 975 4317 pondere.
994 4239 1046 4304 De
1064 4239 1269 4304 mensuraet
1285 4239 1434 4319 pondere

231 4338 336 4419 judex
359 4344 393 4403 et
413 4339 517 4420 jurati
541 4337 732 4427 (utsupra)
756 4341 954 4408 obtinebunt
990 4342 1041 4409 De
1064 4342 1303 4425 resignatione,
1324 4342 1431 4425 judex
