3275 5009
731 344 734 348 A
812 359 977 422 Sententiae

398 577 439 642 It.
463 575 498 641 Si
523 583 719 642 executores
752 578 948 643 testamenti
971 581 1006 642 et
1028 575 1206 642 viduarum
1229 593 1269 641 ac
1293 573 1498 656 pupillorum

295 681 486 764 provisores
516 679 729 764 negligentes
762 679 890 746 fuerint
922 685 958 746 et
991 680 1139 764 inutiles
1169 680 1278 766 jurati
1311 680 1497 745 secundum

253 797 254 800 ’
294 801 405 851 eorum
430 784 669 850 conscientiam
702 784 737 849 in
770 783 918 852 favorem
952 783 1159 867 testamenti,
1193 785 1281 864 quod
1315 783 1406 864 pium
1444 786 1499 846 est

295 888 474 972 negotium,
498 888 580 970 ipsis
609 905 682 954 cum
704 888 908 955 verecundia
931 890 1077 970 remotis,
1101 906 1214 954 curam
1237 885 1440 954 testamenti
1462 889 1498 951 et

288 992 498 1076 provisionis
521 991 607 1076 aliis,
629 993 686 1072 qui
709 992 889 1075 diligentes
920 993 1002 1076 sint,
1030 998 1170 1074 possunt
1198 997 1233 1058 et
1257 993 1384 1057 debent
1409 1007 1497 1056 com·

295 1097 439 1180 mittere,
464 1096 561 1178 pleno
576 1096 660 1180 jure.

400 1237 474 1303 643.
505 1236 555 1298 Dc
588 1237 785 1300 testamentis
818 1245 972 1321 quantam
1002 1236 1047 1301 ad
1076 1237 1254 1299 cautionem
1287 1236 1446 1297 bonoram
1470 1243 1501 1296 et

298 1343 366 1424 ejas
390 1338 509 1407 debita.
532 1339 695 1407 Rationes
719 1340 878 1422 defuncti,
900 1342 985 1421 quae
1009 1342 1043 1406 in
1065 1339 1162 1407 bonis
1180 1339 1253 1421 eJus
1269 1339 1501 1421 inveniuntur,

259 1433 260 1436 '
297 1446 340 1510 ad
371 1442 600 1525 probationem
633 1444 698 1510 sibi
732 1443 867 1510 debitae
901 1445 1102 1525 quantitatis
1133 1441 1288 1510 sufficere
1311 1443 1408 1508 solae
1431 1461 1497 1508 non

298 1554 445 1630 possunt.
476 1549 634 1633 Ejusdem
660 1549 746 1635 juris
774 1554 836 1634 est,
866 1549 895 1615 si
919 1549 954 1616 in
977 1549 1094 1615 ultima
1116 1549 1290 1615 voluntate
1314 1545 1502 1613 defunctus

298 1657 424 1720 certam
458 1654 618 1735 pecuniae
651 1655 883 1736 quantitatem,
917 1658 976 1720 aut
1010 1653 1112 1719 etiam
1146 1656 1257 1718 certas
1291 1669 1346 1717 res
1371 1652 1501 1727 debere

298 1757 364 1824 sibi
386 1757 638 1840 significavemt.

403 1897 475 1962 644.
498 1894 538 1957 Si
560 1893 683 1958 duobus
706 1895 868 1958 hereditas
883 1894 996 1978 faerit
1018 1894 1136 1980 tegata.
1160 1894 1194 1962 Si
1219 1913 1279 1977 per
1294 1900 1500 1963 testatorem

300 1999 471 2068 hereditas
494 2017 560 2065 una
584 2001 712 2067 duobus
742 1998 845 2064 fuerit
878 1998 1001 2083 legata,
1033 2000 1084 2066 ita
1117 2001 1203 2080 quod
1234 2018 1320 2066 unus
1348 2002 1499 2082 ipsorum

298 2103 513 2171 medietatem
526 2103 607 2186 ejus,
618 2121 704 2183 quae
716 2112 791 2184 post
808 2102 934 2169 obitum
948 2105 1000 2170 sni
1016 2106 1058 2170 ad
1075 2103 1176 2171 alium
1192 2109 1356 2187 transeat,
1372 2106 1503 2170 debeat

300 2208 481 2292 possidere,
504 2207 612 2274 nullus
635 2206 766 2273 illorum
789 2207 862 2274 sine
885 2226 1051 2274 consensu
1073 2207 1215 2274 alterius
1238 2214 1370 2290 partem
1403 2226 1500 2275 suam

299 2313 400 2378 alicui
422 2311 535 2394 libere,
567 2308 758 2377 conditione
787 2312 962 2393 praedicta
996 2316 1120 2394 stante,
1152 2313 1279 2394 poterit
1314 2315 1503 2395 deputare,

300 2415 451 2496 quamvis
486 2421 597 2482 tamen
632 2417 727 2481 ambo
761 2415 859 2480 simul
892 2415 925 2481 in
957 2415 1208 2497 dispositionem
1240 2417 1313 2500 ejus
1337 2417 1500 2499 placitam

300 2521 503 2586 concedendi
526 2522 673 2586 habeant
695 2524 908 2601 potestatem.

317 2674 318 2678 ’
405 2677 477 2744 645.
510 2676 560 2738 De
592 2678 789 2739 testamentis
824 2687 978 2760 perentam
1011 2677 1056 2740 ad
1089 2675 1270 2740 electionem
1309 2677 1421 2763 legati.
1464 2679 1500 2744 Si

300 2785 448 2848 testator
478 2780 578 2846 alicui
609 2781 775 2864 legaverit
798 2786 858 2848 aut
880 2781 1034 2862 quartale
1057 2781 1185 2865 vineae,
1209 2786 1269 2848 aut
1291 2799 1500 2867 sexagenum

301 2903 497 2969 grossorum,
527 2890 562 2952 et
585 2883 614 2950 si
637 2889 801 2951 testatore
826 2890 954 2950 mortuo
977 2905 1073 2952 unum
1098 2905 1141 2952 ex
1166 2886 1347 2968 praedictis
1370 2887 1500 2972 legatis

299 2989 484 3072 legatarius
507 2989 632 3072 eligere
657 2989 747 3073 velit,
771 2994 805 3064 et
828 3009 912 3056 uxor
934 2990 987 3058 vel
1011 2991 1109 3058 heres
1125 2991 1316 3058 consentire
1332 2992 1498 3059 noluerit:

301 3094 381 3160 talis
405 3093 525 3160 electio
547 3093 705 3176 legatarii
719 3093 898 3175 residebit;
922 3097 981 3160 sed
997 3094 1108 3175 potius
1125 3095 1215 3176 optio
1232 3094 1311 3160 talis
1326 3095 1363 3161 in
1378 3095 1500 3162 uxoris

301 3196 511 3280 beneplacito
545 3197 599 3265 vel
633 3197 767 3264 heredis
800 3198 970 3264 residebit.
997 3197 1108 3264 Debet
1139 3216 1218 3281 ergo
1249 3199 1440 3284 legatarius
1463 3201 1496 3266 in

302 3303 373 3384 hoc,
387 3303 472 3380 quod
486 3318 569 3366 uxor
585 3302 639 3366 vel
654 3302 752 3368 heres
768 3303 959 3369 consentire
975 3302 1039 3368 sibi
1054 3303 1278 3388 deputaverit,
1295 3304 1501 3387 contentari,

302 3407 398 3490 pleno
421 3404 505 3486 jure.

407 3545 481 3612 646.
516 3542 608 3616 Quod
643 3553 833 3608 testamenta
862 3567 924 3627 per
957 3548 1215 3608 commissarium
1240 3545 1321 3626 fleri
1343 3558 1498 3630 possiunt.

304 3650 368 3734 Qui
392 3655 575 3717 extremam
605 3649 812 3716 voluntatem
835 3649 870 3716 in
893 3649 1034 3715 alterins
1057 3649 1277 3730 dispositione
1307 3651 1498 3732 committit,

302 3773 369 3821 non
381 3754 513 3822 videter
525 3755 688 3819 decedere
703 3753 902 3833 intestatum
919 3759 1032 3834 potest
1047 3755 1133 3820 enim
1149 3755 1234 3821 idem
1248 3755 1499 3823 commissarius

303 3858 497 3924 decedentis
521 3862 760 3924 testamentum
780 3859 878 3943 juxta
898 3859 1124 3924 conscientiae
1140 3857 1315 3925 arbitrium
1331 3861 1499 3928 ordinare.

407 4015 480 4078 647.
512 4013 561 4074 De
593 4015 789 4076 testamentis
825 4015 860 4075 ia
888 4013 1064 4077 rerueda‘um
1097 4016 1282 4076 animarum
1308 4015 1432 4099 factis.
1463 4016 1497 4082 Si

304 4122 403 4199 pater
426 4117 539 4200 plures
562 4118 688 4184 habens
712 4117 797 4184 filios
820 4117 876 4186 vel
898 4119 1040 4185 heredes
1064 4124 1312 4202 testamentum,
1335 4123 1425 4199 quod
1439 4138 1497 4202 pro

304 4221 488 4287 animarum
510 4221 654 4288 remedio
675 4222 853 4305 disposuit,
868 4223 925 4287 uni
944 4221 1137 4305 specialiter
1153 4223 1339 4306 committit,
1355 4227 1418 4290 boc
1433 4243 1496 4292 non

304 4326 471 4409 obstante,
494 4325 523 4392 si
546 4325 626 4391 talis
650 4324 894 4392 commissarius
916 4326 1128 4410 negligenter·
1142 4327 1196 4395 vel
1212 4327 1395 4394 infideliter
1410 4330 1498 4395 circa
