3275 5009
306 381 358 435 102
824 369 990 436 Sententiae

306 589 394 657 cario
410 590 536 671 solvtt3
555 595 637 656 tnnc
652 588 740 656 enim
755 605 855 655 casus
870 587 1012 672 fortuiti,
1028 588 1084 669 qui
1099 588 1134 654 in
1150 592 1248 672 pacto
1265 591 1346 654 sunt
1361 589 1500 671 excepti,

306 695 342 762 in
363 695 540 776 dampnum
562 693 759 776 depositarii
780 699 940 778 vergunt.
960 693 1160 760 Contractus
1183 691 1270 759 enim
1291 709 1334 758 ex
1359 705 1499 761 conuen-

307 800 400 866 tione
425 799 533 882 legem
555 797 735 880 accipiunt.

411 901 507 986 item,
539 902 571 969 si
603 907 744 986 psopter
776 901 910 984 calpen
942 906 979 968 et
1014 913 1139 968 moram
1172 899 1371 984 depositarii
1405 915 1501 968 casus
1597 983 1598 990 Ν

308 1007 469 1076 fortuitos
491 1007 664 1089 acciderit,
686 1005 744 1073 iile
767 1005 833 1072 sibi
855 1006 1047 1089 imputetur,
1071 1005 1159 1072 sicut
1179 1009 1217 1072 et
1238 1003 1274 1070 in
1289 1005 1502 1072 commodato.
1597 997 1599 1052 ἕ

177 1175 182 1183 .
308 1113 406 1180 Unde
428 1113 685 1195 nonobstante,
707 1113 795 1191 quod
815 1111 907 1194 apud
926 1112 1148 1192 deponentem
1163 1125 1219 1176 res
1234 1107 1403 1194 periisset,
1419 1109 1451 1176 si
1465 1125 1504 1176 ex

310 1217 407 1300 culpe
429 1223 466 1284 et
487 1227 580 1283 mors
601 1212 799 1298 depositarii
822 1215 921 1297 perit,
943 1231 1023 1281 suee
1050 1213 1278 1298 negligentiae
1301 1213 1503 1296 imputetur,
1598 1213 1599 1236 ¹

310 1321 436 1390 sufficit
457 1320 554 1403 enim,
576 1322 665 1401 qnod
688 1334 833 1386 resnou
855 1319 967 1401 potnit
989 1321 1110 1401 perire.

413 1443 509 1524 Item,
542 1459 598 1508 res
630 1459 696 1506 non
730 1439 938 1508 deteriorata
969 1439 1124 1522 deposita
1154 1441 1256 1507 debet
1278 1439 1392 1522 reddi3
1424 1437 1505 1506 alias

310 1546 445 1614 reddita
467 1553 533 1613 non
556 1545 700 1613 videtur.

416 1649 580 1717 Consistit
611 1654 723 1716 autem
746 1649 935 1731 depositum
965 1648 1000 1716 iu
1029 1649 1130 1714 rebus
1160 1646 1335 1714 mobilibus
1366 1652 1506 1729 tantum,
1597 1707 1599 1724 ,

311 1755 378 1824 nisi
399 1754 486 1822 forte
509 1739 567 1822 ubi
590 1756 677 1836 apud
700 1757 910 1835 sequestrum
933 1752 1119 1835 deponitur.

417 1859 498 1926 Cum
520 1877 576 1925 res
598 1857 711 1939 alique
733 1858 825 1924 inter
846 1858 960 1940 plnres
983 1855 1018 1923 in
1041 1855 1303 1924 controversiam
1321 1856 1506 1939 deducitur,
1596 1881 1597 1888 ἒ

313 1967 349 2032 et
369 1961 450 2030 talis
474 1962 638 2045 depositio
666 1981 732 2030 non
756 1961 972 2045 potestiieri,
999 1960 1064 2028 nisi
1087 1979 1108 2026 a
1130 1960 1286 2043 pluribus.
1311 1961 1439 2028 Tamen
1460 1960 1507 2026 rei

312 2069 488 2151 depositae
519 2066 607 2134 sicut
630 2069 857 2134 commodatae
889 2065 1130 2150 proprietatem
1160 2069 1312 2134 tenemus
1339 2072 1376 2131 et
1408 2065 1506 2134 etiarn

314 2172 566 2254 possessiouem.
590 2170 635 2240 Iit
658 2176 772 2255 potest
787 2170 985 2254 depositum,
1002 2172 1264 2252 quandocunque
1280 2169 1394 2252 placet
1410 2171 1506 2253 depo·

314 2276 417 2360 nenti,
440 2275 603 2343 revocari.
1234 2357 1235 2362 ἵ

418 2379 465 2445 Et
477 2380 507 2446 si
518 2381 742 2461 depositarius
757 2397 824 2445 non
839 2379 1001 2462 restituit,
1017 2377 1315 2460 condempnabitur
1329 2385 1364 2444 et
1376 2378 1507 2446 iniamis

316 2484 477 2567 efficitur;
495 2483 670 2565 jndicetur
692 2485 778 2550 enim
802 2483 892 2550 circa
911 2483 1099 2565 depositum
1119 2483 1232 2551 dolose
1254 2487 1411 2550 versatus
1429 2502 1507 2552 esse.

315 2588 419 2655 Secus
442 2592 555 2653 autem
577 2589 687 2654 estin
709 2589 925 2671 commodato,
948 2588 1035 2668 quod
1056 2605 1122 2653 non
1137 2586 1337 2670 restituitur,
1353 2587 1421 2654 nisi
1436 2592 1508 2671 post
1591 2620 1595 2640 ‹

316 2711 409 2759 nsum
433 2692 641 2774 completum.

418 2796 515 2879 item,
545 2796 574 2862 si
601 2797 715 2877 plures
746 2799 975 2879 deposuerunt
1005 2797 1049 2862 ad
1077 2813 1176 2862 unum
1204 2794 1455 2878 depositarium,
1476 2799 1508 2862 et
1593 2805 1594 2866 ἐ

315 2912 416 2966 unum
445 2899 633 2981 depositum
665 2900 826 2982 perditur,
855 2898 939 2966 illud
969 2917 1028 2980 per
1058 2899 1200 2965 alterius
1230 2900 1418 2982 depositum
1448 2917 1508 2966 non

316 3010 559 3086 compensatur,
596 3002 674 3085 quia
711 3002 849 3070 cuilibet
886 3001 1067 3085 deponenti
1104 3021 1198 3069 snum
1237 3003 1425 3085 depositum
1459 3007 1508 3070 est
1593 3031 1594 3058 2

315 3109 530 3174 reddendum.
1594 3187 1595 3194 ἶ

420 3212 515 3296 Item,
538 3213 573 3279 in
595 3213 658 3277 boc
681 3211 898 3294 privilegiata
921 3217 974 3277 est
997 3211 1088 3277 actio
1111 3210 1265 3294 depositi,
1296 3211 1382 3292 quod
1411 3211 1508 3278 etiam
1594 3259 1595 3263 η

316 3316 478 3398 praedoni
511 3315 647 3382 restitui
679 3317 781 3382 debet
814 3314 1010 3397 depositum.
1049 3315 1174 3380 Tamen
1211 3313 1240 3380 si
1278 3315 1431 3382 dominus
1464 3314 1509 3381 rei

318 3422 490 3504 depositae
515 3439 587 3486 cnm
602 3419 676 3486 iure
692 3424 788 3501 petat
803 3419 1001 3500 depositum,
1018 3423 1098 3486 tunc
1114 3417 1243 3486 domino
1262 3420 1362 3486 debet
1377 3417 1509 3485 restitui

317 3528 359 3591 de
383 3525 565 3607 aequitate,
588 3526 675 3590 unde
691 3522 856 3605 depositio
873 3542 1005 3605 semper
1021 3525 1128 3590 bonae
1144 3527 1197 3590 est
1212 3519 1291 3590 fidei
1308 3527 1507 3590 conuectos.

421 3646 510 3713 Nota
534 3645 680 3727 quinque
703 3663 811 3728 casuue,
834 3646 869 3712 in
893 3645 1013 3727 quibus
1037 3643 1260 3727 depositarios
1288 3662 1354 3710 non
1377 3648 1508 3712 tenetur

318 3752 361 3818 de
383 3768 463 3817 casu
485 3750 640 3817 fortuito:
663 3749 805 3833 Primus,
829 3748 859 3814 si
882 3753 1017 3830 pactum
1040 3749 1262 3831 interveniat;
1286 3749 1461 3831 secundus,
1482 3747 1508 3812 si
1597 3747 1598 3752 ’

319 3873 410 3920 mora
433 3855 616 3936 praecedat
638 3871 767 3934 cosum3
797 3851 930 3936 tertius
961 3853 990 3918 si
1013 3855 1123 3938 culpa,
1159 3860 1307 3937 quartus
1338 3853 1369 3919 si
1398 3851 1507 3931 doins;
1593 3854 1596 3865 '

320 3958 465 4042 quintus,
488 3958 517 4023 si
540 3957 651 4042 gratie
672 3961 803 4025 tantum
827 3957 1026 4040 accipientis
1049 3957 1095 4025 sit
1118 3957 1314 4040 depositum.

423 4133 496 4198 182.
530 4131 581 4195 De
613 4131 761 4214 deposito
793 4149 903 4193 rerum
935 4131 971 4193 c'n
1003 4131 1086 4194 cisto
1118 4129 1169 4194 oei
1200 4129 1287 4193 olibi
1318 4129 1506 4193 clamucium.

320 4235 463 4315 Accidit,
497 4235 583 4314 quod
614 4234 739 4300 Paulus
768 4232 918 4299 fraudem
948 4233 1060 4300 uxoris
1090 4252 1170 4300 suae
1199 4232 1447 4316 pertimescens,
1474 4230 1506 4296 in

321 4356 486 4406 cameram
520 4338 668 4404 concivis
702 4339 753 4405 sni
787 4337 918 4402 Nicoiai
953 4337 1071 4402 cistam
1107 4337 1263 4422 clausam,
1294 4337 1347 4404 cui
1378 4337 1504 4404 vidente
