3275 5009
820 1117 869 1187 ll.

253 1314 333 1384 Iste
347 1314 448 1383 liber
464 1311 631 1397 „Cursus
647 1330 712 1381 seu
727 1309 938 1397 registrum
956 1304 1128 1377 civilium
1144 1303 1451 1375 sententiarum‘⁶

246 1416 480 1502 intitulatur,
504 1435 665 1503 quarum
688 1413 869 1483 rubricae
894 1410 1099 1483 secundum
1124 1407 1296 1499 ordinem
1314 1406 1445 1495 alpha-

245 1522 412 1592 beticum
435 1530 526 1592 sunt
541 1520 702 1608 positae,
720 1539 791 1606 pro
808 1538 853 1589 eo
877 1520 921 1587 ut
938 1515 1093 1585 facilius
1105 1514 1231 1584 ¹lector
1246 1512 1452 1583 studiosus

305 1645 420 1713 super
443 1644 535 1695 casu
563 1641 797 1711 quocumque
820 1621 862 1691 id
885 1618 1070 1705 inveniat,
1093 1617 1194 1707 quod
1215 1616 1389 1705 inquirit.

501 1813 746 1897 Capitulum
768 1811 812 1879 L:
843 1813 903 1879 De
931 1810 1193 1879 actionibus

357 1957 383 2021 i.
414 1952 528 2017 Utrum
551 1956 658 2019 actori
686 1964 716 2018 et
746 1976 799 2019 reo
831 1952 922 2017 cedat
952 1961 1021 2015 tota
1050 1951 1128 2018 dies.
1160 1949 1300 2034 Quidam
1331 1968 1454 2031 propo-

249 2066 390 2127 suerunt
412 2060 501 2125 hunc
525 2077 653 2126 casum:
674 2061 766 2127 Reus
790 2078 901 2126 eoram
923 2057 1019 2125 nobis
1032 2055 1157 2144 judicio
1174 2054 1454 2137 praesidentibus

252 2164 465 2246 constitutus,
488 2170 607 2243 petens
630 2183 689 2246 pro
713 2183 751 2231 se
767 2163 1020 2231 sententialiter
1035 2162 1101 2228 sibi
1116 2159 1247 2243 dictari,
1264 2176 1338 2225 enm
1353 2163 1457 2224 actor

251 2269 360 2351 ipsum
383 2270 443 2333 sub
468 2286 574 2348 poena
597 2268 797 2350 perditionis
820 2286 952 2351 causae,
975 2285 1060 2348 quae
1083 2266 1174 2332 inter
1189 2282 1224 2331 se
1240 2266 1457 2339 vertebatur,

252 2374 296 2437 ad
318 2372 407 2437 hunc
428 2372 618 2449 judicialem
641 2373 817 2439 terminum
843 2371 943 2440 citari
958 2375 1182 2454 procurasset,
1201 2376 1237 2436 et
1252 2386 1358 2449 neque
1374 2385 1453 2451 per·

253 2476 415 2542 sonaliter
438 2494 546 2556 neque
570 2495 630 2559 per·
652 2480 878 2561 responsalem
901 2478 1165 2559 adprobandum
1181 2474 1345 2540 intentum
1362 2489 1456 2537 com·

253 2586 399 2661 pareret,
427 2584 540 2646 utrum
562 2583 605 2647 ab
629 2582 700 2667 eJus
722 2582 989 2665 impetitionibus
1013 2599 1113 2663 super
1137 2598 1239 2646 causa
1261 2575 1454 2663 hujusmodi.

251 2702 317 2750 non
334 2686 472 2749 deberet
488 2702 563 2751 esse
580 2688 621 2751 de
637 2692 772 2753 caetero
788 2684 985 2754 absolutus?
1010 2684 1070 2751 Oui
1084 2704 1141 2751 reo
1159 2702 1219 2766 per
1235 2680 1450 2749 diffinitivam

252 2788 453 2853 sententiam
476 2806 672 2871 responsum
694 2790 758 2858 fuit
780 2791 846 2859 sic:
878 2790 951 2856 Nisi
974 2806 1068 2855 actor
1095 2787 1183 2855 infra
1206 2785 1350 2853 triduum
1373 2802 1455 2851 conr

252 2894 345 2958 tinue
369 2893 621 2959 subsecuturum
644 2895 783 2962 veniens
807 2897 941 2960 eausam
965 2892 1141 2959 absentiae
1166 2909 1247 2957 suae
1266 2889 1455 2974 legitimam

231 2999 511 3080 demonstraret,
533 3016 612 3063 reus
636 3004 728 3065 esset
751 3000 793 3065 ab
816 2996 889 3082 ejus
909 2996 1082 3065 instantiis
1105 2996 1289 3063 absolutus
1315 3031 1354 3042 -
1379 2991 1460 3076 Qua

255 3099 426 3166 sententia
447 3100 519 3165 lata
542 3101 657 3168 statim
679 3108 775 3167 actor
801 3102 905 3184 venit,
936 3107 1056 3183 petens
1088 3117 1147 3181 pro
1179 3117 1215 3165 se
1243 3097 1458 3183 judicialiter

256 3205 466 3288 sententiari,
490 3223 564 3271 cum
587 3205 618 3271 ei
642 3206 713 3272 dies
737 3206 847 3273 media
870 3205 1096 3288 transivisset,
1125 3208 1160 3271 et
1192 3208 1266 3270 tota
1292 3203 1365 3269 dies
1388 3200 1460 3268 sibi

258 3311 394 3375 cederet
418 3318 454 3376 et
476 3329 535 3391 pro
560 3312 702 3377 termino
722 3312 897 3393 assignata
919 3310 1049 3394 fuisset,
1072 3320 1107 3375 et
1130 3308 1178 3376 sol
1202 3310 1347 3376 nondum
1367 3306 1453 3374 occi-

258 3414 373 3495 disset,
404 3421 515 3481 utrum
550 3415 659 3481 adhuc
690 3433 756 3482 non
784 3416 985 3497 tempestive
1007 3416 1159 3483 venisset
1183 3422 1218 3481 et
1237 3417 1335 3499 juxta
1361 3430 1458 3479 suam

258 3518 494 3598 querimoniam
517 3518 582 3585 sibi
605 3520 774 3601 provideri
797 3522 840 3587 de
859 3521 994 3605 justitia
1017 3519 1183 3587 deberet?
1220 3544 1222 3547 ·

366 3622 444 3705 Qui
474 3629 771 3706 proponentes
809 3624 969 3692 taliter
1008 3632 1109 3691 sunt
1146 3622 1390 3691 informati:
1422 3619 1463 3687 Si

260 3727 332 3793 dies
355 3726 455 3793 dictis
479 3728 631 3809 partibus
661 3748 721 3811 pro
744 3730 887 3796 termino
918 3729 1142 3811 peremptorio
1174 3730 1323 3811 praefixa
1352 3726 1463 3795 fuerit

260 3830 441 3897 communis
465 3838 500 3897 et
522 3833 699 3916 generalis,
722 3832 772 3900 ita
794 3836 881 3914 quod
912 3834 973 3901 tali
1003 3834 1057 3901 die
1086 3853 1146 3916 pro
1177 3834 1288 3902 causis
1321 3832 1460 3913 quibus-

259 3934 343 4001 libet
366 3938 542 4005 consuerit
562 3940 605 4004 ab
628 3936 766 4017 antiquo
789 3937 947 4021 judicium
969 3939 1086 4007 haberi
1111 3938 1213 4023 (sieut
1229 3937 1325 4005 verbi
1344 3936 1463 4021 gratia

261 4040 402 4105 sabbato
425 4040 480 4106 vel
502 4040 567 4106 alio
592 4040 646 4107 die
669 4040 822 4123 statuto),
847 4046 924 4106 tunc
948 4040 1055 4107 actori
1079 4059 1147 4107 non
1169 4042 1259 4108 cedit
1282 4045 1355 4107 tota
1376 4040 1464 4125 dies,

261 4145 322 4211 sed
344 4137 481 4231 tautum
496 4162 603 4224 usque
618 4146 662 4211 ad
679 4144 850 4209 meridiem
866 4144 920 4213 vel
935 4162 1041 4225 usque
1058 4148 1101 4211 ad
1117 4144 1216 4211 aliam
1232 4145 1299 4212 diei
1317 4150 1466 4231 partem,

260 4249 304 4315 ad
338 4265 434 4328 quam
469 4248 544 4315 aliis
583 4248 723 4315 statutis
760 4249 966 4330 temporibus
1000 4251 1104 4334 judex
1138 4255 1173 4317 et
1207 4250 1310 4334 jurati
1347 4254 1462 4317 actum
