3275 5009
697 368 865 422 Bruuenaes.
1328 374 1382 425 28?

285 576 328 643 It.
342 576 379 644 si
391 580 470 642 sunt
480 576 607 644 fratres
618 595 661 644 ex
673 596 739 645 una
751 583 860 661 parte,
872 583 907 645 et
919 596 1002 645 avus
1015 578 1140 657 etjavia
1155 597 1197 645 ex
1212 581 1380 663 superiori

180 681 278 758 linea,
301 679 457 747 similiter
479 682 674 764 succedunt,
707 681 756 749 ita
783 684 871 763 quod
899 681 1025 749 fratres
1055 700 1121 748 111
1152 683 1221 749 1111
1251 683 1380 765 praefe-
1430 692 1433 697 “

180 784 294 866 rendi,
317 803 402 852 avus
424 785 511 851 enim
535 790 588 851 est
610 786 644 851 in
668 788 775 869 gradu
797 786 954 869 proximo,
978 786 1156 853 deficiente
1177 791 1284 871 patre,
1303 807 1378 854 nam

181 888 350 971 proximus
374 893 438 972 est,
460 889 514 956 cui
537 906 631 957 nemo
653 890 833 957 antecedit.
851 890 991 974 (Volunt
1007 894 1119 955 111111
1135 890 1275 971 quidam,
1292 894 1382 973 quod

180 991 290 1057 frater
313 994 470 1058 excludat
492 1012 592 1059 avum
615 1001 650 1060 et
671 993 777 1061 intret
792 995 901 1061 locum
916 994 1039 1076 patrie,
1056 994 1172 1062 melius
1188 1001 1381 1080 esttamen,

180 1096 296 1163 dicere
320 1097 425 1179 primo
449 1098 568 1183 modo.)

286 1220 328 1285 It.
351 1219 455 1285 Pater
477 1218 642 1285 naturalis
666 1225 798 1287 tantum
821 1220 972 1287 succedit
994 1219 1061 1288 filio
1084 1221 1246 1287 intestato
1262 1224 1378 1288 eadem

181 1324 322 1406 ratione,
346 1343 411 1404 qua
433 1324 521 1390 filius
544 1324 624 1390 talis
644 1324 797 1391 succedit
813 1324 917 1408 patri,
940 1323 1007 1389 filio
1024 1330 1135 1392 autem
1151 1326 1265 1407 spurio
1282 1331 1383 1409 pater

179 1446 246 1495 non
270 1428 429 1507 succedit,
453 1428 532 1507 quia
556 1445 617 1493 nec
640 1428 720 1493 talis
744 1432 842 1510 pater
864 1446 926 1494 nec
949 1428 1038 1495 filius
1070 1428 1287 1497 nominandus
1317 1436 1378 1497 est.

285 1552 327 1619 lt.
361 1551 466 1617 Pater
504 1558 539 1616 et
576 1556 685 1617 mater
722 1552 908 1617 succedunt
944 1550 1031 1635 filiis,
1069 1552 1141 1619 sive
1178 1554 1383 1620 contrahant

182 1659 346 1724 secundas
369 1656 515 1740 nuptiae,
538 1655 611 1722 siue
633 1673 708 1722 non.

286 1813 359 1878 626.
382 1813 431 1874 Dc
454 1811 697 1875 collateralibus
720 1813 843 1877 dautur
861 1811 992 1896 repulus
1008 1808 1098 1873 iales.
1126 1812 1289 1879 Cessante
1305 1832 1380 1880 suc·

182 1916 334 1983 cessione
356 1917 467 1983 lineae
490 1916 726 1984 descendentis
749 1922 785 1984 et
808 1916 1031 1995 ascendentis,
1062 1916 1167 1997 primo
1195 1920 1379 1984 succedunt

180 2021 313 2104 fratrea,
347 2028 381 2087 11
415 2024 543 2089 demum
580 2021 646 2101 alii,
691 2028 730 2087 ut
765 2021 907 2088 fratrum
944 2021 1013 2104 filii,
1058 2027 1093 2087 et
1130 2020 1178 2087 sic
1218 2023 1259 2087 de
1300 2021 1381 2088 aliis

182 2128 421 2193 descendendo.

282 2247 324 2314 It.
360 2249 443 2314 Cum
476 2246 639 2314 fratribus
673 2253 708 2314 11
742 2266 855 2315 eorum
888 2248 966 2315 filiis
999 2249 1184 2315 succedunt
1219 2258 1381 2330 parentes

182 2351 339 2435 defuncti,
363 2354 404 2418 de
429 2354 521 2437 cujus
544 2352 734 2419 hereditate
757 2353 880 2437 agitur,
904 2353 934 2419 si
956 2357 1146 2435 supersunt.

282 2458 325 2523 Ι1.
349 2457 386 2523 Si
409 2475 472 2523 nec
494 2462 572 2523 sunt
602 2454 737 2539 fratrea,
766 2475 828 2523 nec
859 2462 1027 2539 parentes,
1059 2475 1121 2523 nec
1145 2456 1209 2533 ¹alii
1239 2459 1376 2524 descen·

182 2564 309 2644 dentes
331 2567 413 2628 1111
438 2562 498 2627 filii
516 2562 659 2628 fratrum
675 2566 780 2629 totum
797 2562 996 2646 percipiunt.
1013 2562 1049 2630 Si
1065 2565 1178 2629 autem
1194 2566 1377 2644 supersunt

181 2665 282 2746 aliqui
316 2668 357 2731 de
391 2666 660 2750 ascendentibus,
697 2666 747 2733 1111
784 2668 969 2734 succedunt
1007 2684 1081 2733 cum
1118 2665 1195 2733 filiis
1233 2666 1379 2733 fratrum

182 2776 475 2851 praemortuorum.

280 2873 324 2941 Ι1.
348 2874 389 2941 In
411 2875 474 2941 tali
496 2876 709 2943 successione
738 2875 913 2958 potissime
942 2876 1129 2942 succedunt
1159 2873 1291 2952 fratres,
1320 2871 1376 2953 qui

180 2998 221 3047 ex
243 2985 387 3059 utroque
410 2984 550 3062 parente
574 2981 773 3065 contingunt
796 2980 1216 3062 defunctumintestatum3
1235 2978 1379 3045 1111111-

178 3086 257 3150 liter
279 3083 491 3168 intelligatur
513 3086 554 3150 de
576 3082 655 3151 filiis
678 3087 866 3151 eorumdem
888 3083 1039 3149 fratrum.
1062 3082 1159 3149 Unde
1182 3082 1271 3149 filius
1294 3081 1375 3149 talis

179 3188 296 3255 fratris
334 3188 493 3273 defuncti,
529 3189 610 3255 licet
647 3191 755 3272 gradu
792 3189 896 3255 tertio
933 3188 988 3272 sit,
1029 3192 1141 3254 tamen
1184 3186 1376 3271 praefertur

179 3293 342 3360 fratribus
366 3292 525 3376 defuncti,
554 3293 611 3373 qui
634 3311 676 3359 ex
698 3311 763 3358 111
786 3296 918 3358 tantum
941 3297 1083 3374 parente
1107 3292 1243 3376 cognati
1267 3296 1375 3358 erant.

281 3397 324 3463 It.
348 3398 430 3463 Post
452 3397 576 3463 fratres
600 3416 642 3463 ex
664 3400 807 3477 utroque
831 3399 971 3477 parente
994 3399 1029 3463 11
1053 3414 1167 3463 eorum
1188 3395 1274 3462 filios
1301 3413 1376 3463 suc-

180 3504 303 3568 cedunt
326 3522 367 3569 ex
390 3520 456 3567 uno
479 3502 586 3567 latere
608 3500 732 3567 fratres
757 3501 811 3568 vel
834 3518 984 3581 sorores3
1014 3520 1087 3567 cum
1115 3500 1234 3581 quibus
1258 3502 1294 3566 et
1315 3498 1378 3564 11111

180 3624 300 3688 eorum,
323 3607 353 3672 si
376 3607 434 3687 qui
456 3607 644 3673 eorumdem
666 3604 808 3672 fratrum
833 3610 867 3671 et
890 3622 1039 3670 sororum
1063 3605 1131 3689 jam
1155 3603 1378 3685 decesserint,

180 3712 334 3778 similiter
357 3714 549 3778 succedunt.

281 3817 323 3882 11.
335 3814 426 3881 -Filii
448 3815 600 3897 fratrum,
623 3832 695 3880 cum
712 3832 813 3897 pares
830 3817 908 3879 sunt
923 3810 1086 3879 fratribus
1102 3809 1262 3895 defuncti,
1278 3827 1373 3892 prae·

179 3919 331 3987 feruntur
342 3919 457 4001 procul
473 3918 572 3985 dubio
589 3918 737 4003 ejusdem
753 3917 902 3985 defuncti
919 3916 1049 4001 patruis
1066 3919 1101 3981 11
1112 3913 1188 3981 aliia
1202 3914 1378 3982 similibus.

280 4023 322 4090 It.
346 4023 385 4089 In
408 4023 471 4090 hac
494 4021 706 4089 successione
730 4022 881 4089 succedit
904 4020 1022 4087 mulier
1045 4021 1133 4087 sicut
1156 4018 1321 4086 masculus
1338 4023 1380 4085 et.

180 4128 416 4211 emancipatus,
440 4126 528 4193 sicut
550 4144 679 4210 servus,
703 4130 741 4191 ut
764 4144 876 4208 supra.

280 4232 322 4299 It.
345 4231 425 4299 Filii
448 4231 589 4298 fratrum
612 4236 897 4315 praemortuorum
921 4230 1052 4311 quando
1085 4229 1269 4295 succedunt
1299 4245 1375 4295 cum

179 4338 318 4424 patruis,
341 4336 416 4403 auis
439 4336 494 4402 vel
509 4334 654 4420 praevie,
670 4334 724 4402 vel
741 4334 886 4402 caeteris
902 4334 1173 4413 ascendentibus,
1188 4332 1376 4399 succedunt
