3275 5009
655 341 825 394 Brunenses.
1287 341 1338 394 143

118 553 158 619 in
184 550 397 618 contrarium
430 550 593 633 allegavit
616 547 669 636 (ut
690 549 803 635 inira).
837 548 1167 616 sententiatum
1195 548 1338 632 igitur

122 657 168 724 in
192 656 279 722 hoc
309 673 429 721 casu:
462 653 558 739 Quod
581 655 703 721 tertius
734 672 800 720 non
833 657 1001 733 tamquam
1036 653 1136 719 heres
1169 659 1206 719 et
1237 671 1338 720 verus

123 777 322 841 possessor,
334 761 393 826 sed
405 760 512 844 magis
527 763 695 839 tamquam
712 762 893 839 occupator
908 759 1049 839 domum,
1064 775 1164 837 quam
1178 756 1208 824 N
1210 755 1337 824 icolaus

121 865 241 932 tacita
264 864 417 931 'veritate
440 868 558 930 contra
584 863 761 946 justitiam,
793 880 836 929 ex
865 880 913 939 eo,
944 863 1032 942 quod
1063 862 1247 944 pecuniam,
1278 881 1338 944 pro

119 987 195 1049 qua
219 968 334 1050 ipsam
356 973 493 1051 emerat,
513 966 577 1033 tibi
592 984 658 1033 non
673 965 848 1049 persolvit,
863 983 925 1033 nec
940 985 1001 1047 por
1017 983 1068 1031 me
1084 965 1149 1032 sibi
1163 965 1339 1050 resignata

124 1072 203 1155 fuit,
228 1072 284 1139 illi
307 1072 409 1138 tertio
433 1072 676 1156 resignaverat,
699 1069 807 1138 minus
826 1072 920 1154 J'ustc
942 1069 1155 1151 inhabitavit,
1175 1088 1238 1137 nec
1264 1089 1339 1136 cur·

125 1181 226 1242 rente
253 1194 336 1244 vero
359 1175 635 1258 praescriptionis
659 1182 810 1256 tempore
835 1174 1001 1257 possedit,
1031 1192 1134 1254 quare
1159 1176 1339 1240 secundnm

125 1299 242 1347 meam
269 1280 465 1363 petitionem
492 1282 533 1347 de
556 1281 671 1346 valore
701 1279 920 1362 saepedictae
948 1281 1064 1345 domus
1097 1284 1132 1344 tc
1164 1278 1339 1359 expediam

126 1386 369 1465 persolvendo.
401 1385 495 1451 Dicit
525 1384 611 1450 enim
642 1385 760 1472 regula
786 1384 888 1468 juris:
920 1384 1016 1465 ,Non
1045 1383 1198 1450 firmatur
1226 1388 1341 1450 tractu

126 1491 309 1572 temporis,
333 1491 421 1568 quod
444 1489 582 1570 dejure
604 1490 646 1554 ab
670 1488 766 1555 initio
789 1507 857 1554 non
880 1487 1065 1555 subsistit.“

243 1663 319 1727 327.
330 1663 379 1724 Dc
388 1660 587 1726 hereditario
595 1662 870 1748 praescriptione.
884 1661 1062 1728 Sciendum
1075 1666 1138 1744 est,
1147 1663 1234 1741 quod
1247 1661 1340 1743 adia,

123 1785 198 1846 qna
223 1766 400 1833 hereditas
424 1784 533 1832 coram
553 1765 680 1850 judicio
703 1765 907 1851 resignatur,
931 1771 984 1833 est
1003 1767 1226 1847 computanda
1244 1783 1340 1848 prae·

132 1869 291 1953 scriptio,
304 1878 339 1936 ct
355 1889 420 1936 non
436 1871 532 1953 adia,
545 1888 610 1950 qna
622 1878 780 1937 currente
793 1870 1071 1952 praescriptionis
1082 1876 1232 1952 tempore
1245 1870 1340 1936 here-

127 1973 226 2040 ditas
244 1974 303 2042 vel
319 1973 391 2056 cJus
415 1993 589 2056 possessor
611 1973 715 2040 fuerit
733 1973 919 2057 impetitus.
942 1974 1051 2055 Unde,
1074 1973 1103 2038 si
1124 1973 1297 2040 hereditas
1321 1993 1341 2040 a

133 2077 190 2144 die
215 2078 459 2163 resignationis
483 2097 570 2144 anno
593 2083 629 2144 et
644 2079 698 2146 die
715 2079 787 2144 sine
803 2077 1013 2159 impetitione
1029 2077 1252 2160 possideatur,
1268 2077 1340 2145 sive

130 2185 287 2264 tempore
309 2182 416 2248 medio
440 2183 566 2266 pluries
589 2182 780 2264 impetatur,
797 2184 970 2248 dummodo
987 2181 1158 2262 quaelibet
1173 2168 1339 2262 impetitio

131 2286 339 2368 adplenum
369 2286 592 2369 disbrigetur:
625 2304 757 2368 semper
789 2304 876 2352 anno
911 2291 946 2351 et
977 2286 1030 2352 die
1061 2305 1082 2352 a
1111 2284 1340 2369 resignatione

132 2389 252 2466 finitis,
275 2391 440 2473 impetitio
463 2389 556 2456 iacta
579 2394 697 2473 postea
720 2408 786 2457 non
809 2390 948 2456 valebit.

243 2511 296 2578 Et
329 2513 570 2593 notandum,
605 2513 692 2590 quoi
722 2510 813 2577 illam
845 2511 940 2596 diem,
973 2528 1059 2592 quae
1083 2511 1219 2577 additur
1242 2529 1339 2595 anno,

136 2613 242 2694 aliqui
272 2614 441 2697 recipiunt
471 2634 529 2697 pro
563 2614 612 2681 VI
645 2613 850 2700 septimanis,
884 2633 969 2696 qnae
1002 2614 1133 2681 faciunt
1166 2616 1342 2683 terminum

135 2720 409 2804 peremptorium,
433 2738 496 2801 quo
520 2718 641 2798 aliquis
665 2718 791 2784 citatur
820 2719 926 2785 tertia
958 2717 1043 2802 vice,
1065 2720 1197 2786 duobus
1219 2719 1341 2786 edictis

138 2823 344 2900 praemissis.
380 2822 494 2904 Aliqui
525 2823 694 2903 recipiunt
724 2825 866 2891 eandem
899 2823 983 2891 diem
1014 2842 1074 2904 pro
1103 2823 1157 2891 die
1187 2822 1341 2908 juridica,

134 2941 263 2993 annum
301 2927 576 3010 praescriptionis
610 2926 761 3008 proxime
796 2929 985 2996 subsecuta.
1027 2928 1143 3008 Aliqui
1174 2926 1343 3009 recipiunt

138 3043 213 3095 eam
238 3049 297 3114 pro
320 3030 374 3100 die
397 3030 552 3114 naturali,
586 3048 672 3110 qnae
706 3029 772 3096 LII
804 3030 1009 3113 septimanas
1043 3051 1104 3113 pro
1128 3031 1208 3099 anni
1231 3031 1342 3113 spatio

139 3138 354 3215 computatas
370 3135 523 3214 sequitur
537 3134 745 3216 immediat03
759 3133 840 3201 talis
856 3135 943 3202 enim
961 3135 1034 3203 dies
1049 3154 1172 3202 annum
1188 3138 1343 3220 complet,

142 3236 231 3304 sicut
253 3243 349 3321 patet
373 3240 444 3306 dies
467 3240 503 3306 in
524 3239 722 3306 kalendario
745 3239 946 3306 numeranti.

246 3360 367 3443 Nota,
394 3362 480 3440 quod
514 3360 690 3427 dicendum
724 3365 778 3426 est
811 3362 991 3426 secundum
1025 3359 1216 3445 veritatem,
1251 3363 1341 3442 quod

142 3478 214 3528 cum
237 3483 344 3530 annus
367 3464 574 3546 compleatur
595 3483 657 3546 per
678 3463 770 3530 illam
791 3464 887 3545 diem,
903 3483 988 3545 quae
1002 3465 1140 3531 additur
1155 3463 1222 3531 LII
1238 3465 1340 3548 septi·

144 3569 260 3651 manis,
282 3568 354 3637 dias
378 3568 666 3651 praescriptionis,
689 3587 776 3649 qnae
798 3569 935 3634 additur
957 3587 1054 3653 anno,
1088 3573 1143 3635 est
1172 3567 1230 3660 illa
1261 3569 1343 3651 dics,

145 3686 229 3748 quae
253 3675 306 3739 est
327 3671 527 3755 principium
550 3672 723 3753 sequentis
746 3674 835 3756 anni,
860 3672 948 3739 sicut
970 3692 1002 3739 v.
1024 3694 1070 3755 g.:
1095 3673 1130 3740 Si
1145 3672 1341 3757 resignatur

146 3771 314 3842 hereditas
338 3776 391 3842 die
415 3777 694 3861 circumcisionis,
715 3781 871 3858 quaeest
888 3776 942 3842 die
958 3776 1129 3859 dominico,
1145 3781 1225 3844 tunc
1241 3794 1336 3860 prae·

145 3878 281 3962 scriptio
304 3881 505 3948 terminatur
527 3898 614 3948 anno
637 3882 794 3962 sequenti
816 3881 851 3947 in
874 3880 929 3946 dis
952 3881 1232 3966 circumcisionis,
1253 3901 1339 3963 quae

146 3981 212 4048 erit
226 3983 311 4051 feria
325 3987 492 4067 secunla3
515 3990 552 4053 et
566 3985 595 4052 si
611 3985 775 4069 impetitio
792 3985 882 4052 fierit
898 3985 934 4051 in
949 3987 1065 4052 cadem
1080 3984 1168 4053 feria
1182 3987 1341 4068 secunda,

145 4083 288 4168 vigorem
322 4089 470 4156 haberet
502 4089 652 4172 Insuper,
687 4089 717 4156 si
748 4089 820 4156 dies
853 4089 1039 4156 bissextilis
1074 4090 1211 4157 additur
1244 4109 1342 4172 anno,

149 4184 202 4255 illa
223 4192 295 4259 dies
318 4192 420 4259 etiam
442 4193 586 4276 tempori
601 4193 879 4276 praescriptionis
896 4200 950 4260 est
966 4196 1137 4276 addenda3
1159 4212 1235 4260 nam
1252 4196 1341 4261 actio

145 4291 303 4376 temporis
325 4297 602 4379 praescriptionis
619 4297 730 4380 potins
746 4304 800 4364 est
811 4299 967 4380 laxanda,
983 4316 1082 4378 quam
1097 4298 1341 4381 restringendo.
