3275 5009
643 361 812 416 Brunenses.
1276 360 1326 413 181

233 573 407 640 Postremo
438 591 529 656 vero,
563 591 636 640 cnm
665 569 771 656 jurati
805 588 871 636 non
905 554 1009 636 solum
1043 586 1103 650 per
1135 567 1230 650 alios,
1262 566 1326 633 imo

143 673 234 742 ctiam
257 695 318 760 per
341 695 378 743 se
401 676 493 759 ipsos
516 679 637 743 bonum
661 673 822 758 civitatis,
846 680 1005 754 quantum
1032 674 1076 738 ad
1094 671 1278 738 utilitatem
1293 676 1329 737 et

45 861 47 874 .
141 780 319 848 decentiam
349 786 459 848 status
490 784 671 847 teneantur
704 779 883 862 providere
913 782 948 844 et
978 794 1169 859 procurare,
1203 777 1330 842 debent

141 901 264 967 semper
275 888 403 952 duobus
417 904 459 951 ex
474 903 512 951 se
528 881 671 952 officium
688 883 896 950 committere
909 880 1064 964 speciale,
1076 884 1175 963 puta:
1190 879 1329 946 Duobus

141 987 273 1056 officium
291 990 461 1072 propinae,
477 989 534 1069 qni
550 989 738 1072 vulgariter
756 986 930 1072 „magistri
946 986 1140 1054 mensurae“
1157 988 1330 1067 vocantur,
1381 1024 1384 1028 ι

142 1092 297 1160 ordinare.
324 1094 463 1160 Duobus
486 1112 565 1159 vero
589 1092 666 1159 aliis
689 1090 960 1159 reformationem
981 1107 1158 1172 murorum,
1180 1089 1332 1172 turrium,

141 1195 334 1266 fossatorum
342 1205 378 1265 et
386 1199 594 1284 singulorum
602 1197 827 1265 aedificiorum
837 1195 996 1278 civitatis,
1004 1193 1061 1275 qui
1070 1211 1180 1260 muros
1189 1192 1331 1273 interius

141 1306 172 1368 et
194 1304 344 1370 exterius
367 1303 524 1370 hincinde
541 1303 761 1385 respiciendo,
782 1301 943 1382 quidquid
966 1301 1001 1366 in
1024 1300 1073 1366 eis
1093 1297 1333 1366 meliorandum

140 1411 171 1472 et
200 1407 444 1474 reformandum
476 1425 551 1474 esse
575 1406 775 1486 invenerint,
798 1405 974 1471 conventis
996 1408 1032 1470 et
1055 1401 1228 1470 conductis
1255 1420 1331 1484 ope·

141 1511 232 1578 rariis
257 1511 388 1578 iaciant
414 1511 576 1592 reparari.
600 1511 695 1594 Item,
712 1510 788 1576 aliis
810 1511 938 1577 dnobus
959 1509 1104 1576 officium
1121 1506 1343 1590 respicienda·

141 1616 387 1682 conservatoria
402 1619 438 1681 et
453 1615 527 1680 loca
542 1613 641 1698 ignia,
654 1615 840 1698 cujusmodi
855 1618 934 1680 sunt
950 1612 1114 1692 coquinae
1130 1616 1165 1677 et
1179 1609 1335 1676 fornaces

144 1721 318 1802 studiorum,
348 1717 632 1785 braseatoriorum
665 1723 701 1785 et
735 1717 1010 1799 braxatoriorum,
1045 1717 1134 1795 quod
1169 1719 1267 1782 cante
1302 1715 1335 1780 in

141 1823 255 1890 talibus
282 1823 365 1890 locis
397 1821 485 1906 ignis
515 1819 671 1887 foveatur
704 1827 739 1887 et
767 1824 1005 1900 conservatum
1037 1824 1073 1884 et
1102 1820 1165 1885 hoc
1188 1817 1334 1885 officium

45 1959 46 1966 κ
142 1928 260 1993 duobus
278 1925 530 2007 circumspectis
547 1931 583 1990 et
602 1925 730 1991 idoneis
755 1929 807 1992 est
824 1924 1104 1990 committendum.
1127 1921 1331 2003 Saepissime

45 2071 46 2074 =
139 2048 271 2112 namque
306 2049 367 2113 per
395 2030 584 2096 Incendium
615 2028 761 2095 famosae
792 2029 951 2096 civitates
982 2031 1210 2109 destruuntur,
1241 2026 1328 2091 unde

139 2135 191 2200 ubi
210 2135 298 2220 ignis
322 2141 553 2217 conservatur,
576 2139 629 2200 est
652 2151 777 2200 summa
808 2133 984 2218 dIIIgentia
1006 2132 1205 2198 adhibenda.
1234 2130 1329 2212 Item,

140 2238 208 2305 aliis
220 2243 347 2307 duobus
361 2238 587 2307 venditionem
600 2243 635 2304 et
646 2238 753 2304 forum
764 2239 915 2325 piscium,
928 2239 971 2304 ad
985 2255 1122 2317 quorum
1137 2236 1328 2302 mandatnm

141 2348 382 2428 praeemptores
417 2348 453 2410 et
487 2342 666 2424 praecipue
701 2343 856 2409 mulieres
890 2341 1151 2424 praeemptrices
1190 2338 1329 2421 piscium

142 2447 255 2514 adoro
289 2448 496 2529 repellantur
526 2453 561 2512 et
592 2447 779 2528 piscatores
814 2447 1025 2529 principales
1061 2443 1117 2524 qui
1146 2443 1189 2508 ad
1223 2430 1329 2508 dorum

140 2552 242 2632 pisces
279 2552 482 2634 adtulerunt,
519 2570 580 2633 per
618 2568 653 2616 se
694 2551 841 2616 vendent
877 2552 1034 2628 eosdem„
1065 2549 1179 2614 Poena
1217 2552 1328 2611 autem

140 2655 256 2723 talibus
288 2655 573 2738 praeemptoribns
598 2659 633 2720 et
657 2654 954 2736 praeemptricibus
986 2653 1123 2734 piscium
1148 2651 1328 2717 secundum

141 2761 338 2827 voluntatem
371 2761 556 2844 juratorum
591 2759 708 2824 talium
738 2760 933 2839 imponetur.
966 2757 1060 2839 Item,
1084 2755 1159 2821 aliis
1190 2757 1328 2835 duobus,

143 2868 221 2944 quod
260 2865 401 2948 siugulis
436 2864 552 2930 diebus
589 2861 770 2946 dominicis
808 2863 862 2930 vel
896 2861 973 2927 aliis
1006 2863 1050 2926 ad
1084 2861 1147 2925 hoc
1182 2858 1330 2939 statutis,

143 2969 297 3051 captivos,
330 2968 385 3049 qui
417 2969 505 3049 apud
539 2967 744 3048 subindicem
778 2966 833 3032 vel
866 2965 956 3047 alibi,
990 2965 1044 3030 ubi
1080 2981 1195 3030 carcer
1229 2959 1331 3027 fuerit

142 3073 264 3149 civium,
280 3077 471 3152 servantur,
493 3070 633 3136 visitent
650 3075 685 3135 et
700 3071 875 3151 accedant,
890 3071 931 3134 de
948 3068 1059 3134 causis
1076 3074 1109 3133 et
1127 3065 1330 3149 excessibus,

143 3195 195 3257 pro
218 3177 345 3258 quibua,
368 3175 404 3240 in
429 3193 493 3255 quo
510 3182 658 3256 tempore
676 3175 767 3263 capti
785 3173 910 3240 fuerim
927 3177 962 3238 et
979 3173 1096 3252 quibus
1114 3169 1331 3236 detineantur

142 3281 276 3348 vinculis
300 3279 508 3360 inquirendo,
530 3279 593 3344 hoo
617 3277 800 3360 conJ'uratis
824 3295 935 3342 eorum
968 3276 1052 3357 aliis,
1083 3280 1121 3340 ut
1148 3276 1330 3341 secundum

141 3385 196 3452 hoc
211 3386 253 3452 ad
265 3384 412 3468 judicem
429 3383 611 3463 procedere
627 3380 772 3462 valeant,
789 3379 982 3446 intimando.
998 3379 1093 3460 Item,
1111 3379 1185 3444 aliis
1204 3380 1331 3445 duobus

142 3489 381 3555 mundationem
405 3492 440 3552 et
463 3485 694 3568 purgationem
720 3485 906 3565 platearum
937 3483 1095 3565 civitatis,
1127 3485 1332 3562 adquorum

144 3599 350 3674 praeceptum
392 3593 488 3658 fimus
523 3595 556 3656 et
591 3590 696 3655 lutum
735 3590 776 3653 de
817 3587 981 3653 contratis
1016 3591 1051 3652 et
1084 3586 1149 3655 viis
1190 3585 1332 3668 pubIIcis

144 3699 304 3780 educatur,
336 3702 371 3764 et
402 3693 459 3776 qui
487 3695 522 3761 in
558 3694 619 3758 hoo
653 3692 795 3758 rebelles
830 3691 964 3773 fuerint,
998 3709 1137 3772 poenam
1167 3687 1332 3774 ejuratis

144 3802 256 3866 eisdem
287 3799 475 3882 impositam
507 3799 603 3863 luant
632 3803 667 3862 et
699 3796 903 3876 persolvant.
937 3797 1032 3862 Haeo
1062 3802 1097 3860 et
1127 3795 1180 3858 his
1210 3791 1333 3858 similia

140 3904 234 3988 jurati
257 3904 437 3989 diligenter
461 3904 585 3968 debent
607 3899 787 3981 respicere,
811 3899 951 3965 utilitati
976 3897 1138 3964 communi
1161 3902 1198 3964 et
1221 3897 1331 3979 reipu-

142 4008 250 4092 blicae,
272 4009 359 4075 sicut
382 4007 491 4073 virtus
511 4004 693 4087 juramenti
725 4021 837 4069 eorum
868 4001 982 4086 exigit,
1005 4003 1039 4067 in
1062 4003 1124 4068 hoc
1148 4001 1328 4083 praecipue

146 4113 335 4180 servientes.
357 4110 413 4196 (R.
435 4109 526 4197 409.)

240 4248 352 4338 deoc)
370 4251 419 4313 De
432 4250 559 4331 ,iuratis
575 4260 604 4312 et
622 4269 729 4311 eoram
745 4244 901 4310 consiliio.
921 4245 944 4310 J
946 4245 1036 4311 usati
1051 4247 1137 4311 bene
1153 4263 1174 4310 a
1190 4261 1332 4324 vespera

45 4357 47 4374 '¹
146 4353 271 4437 vigiliae
283 4354 507 4435 apostolorum
519 4352 555 4418 in
567 4351 653 4419 diem
667 4353 777 4434 alium,
792 4370 858 4418 noo
873 4348 1039 4430 feriatum,
1050 4349 1136 4431 jur-Is
1152 4347 1331 4414 terminum
