3275 5009
1336 369 1671 422 BrunenseS.
2593 370 2699 423 269

328 581 455 664 ejus
518 599 645 645 non
708 580 1066 665 peregerit.
1125 581 1207 645 It.
1274 579 1332 646 si
1395 577 1637 658 aliquis
1703 578 1909 647 movit
1972 579 2174 646 alteri
2234 581 2693 659 quaestionem

324 687 627 750 bonorum
657 702 944 763 suorum,
989 684 1090 767 It,
1142 685 1198 750 si
1231 684 1435 763 aliqui
1469 683 1768 767 adjuncti
1801 689 1960 749 sunt
1999 684 2373 751 adinvicem
2420 689 2696 766 propter

324 788 579 869 aliquod
631 788 881 855 factum
934 789 1042 855 vel
1105 789 1374 869 dictum,
1432 789 1593 853 licet
1646 788 1986 853 accusatio
2043 807 2175 853 non
2229 778 2694 872 subsequatur,

322 894 525 958 adhuc
561 894 951 977 Judicantur
1006 893 1275 960 inimici.
1335 894 1419 959 It.
1468 893 1525 957 si
1574 891 1722 971 quis
1769 894 1837 955 in
1883 910 2088 957 causa
2151 892 2476 958 criminali
2537 893 2694 957 tulit

321 997 762 1063 testimonium
812 1006 1045 1064 contra
1090 997 1394 1077 aliquem,
1443 998 1894 1078 praesumitur
1928 1003 2158 1079 pos-tea
2195 1000 2338 1082 ejus
2371 998 2698 1064 inimicus,

318 1101 394 1167 It.
441 1102 907 1167 cohabitantes
976 1120 1122 1167 cum
1169 1101 1455 1167 inimicis
1516 1107 1586 1165 et
1644 1106 2127 1168 conversantes
2190 1121 2333 1167 cum
2391 1104 2696 1169 hostibus

320 1206 558 1271 nostris
622 1206 840 1271 nostri
876 1206 1270 1288 judicantur
1333 1206 1561 1269 hostes
1609 1209 1680 1270 et
1723 1206 2008 1285 inimici3
2068 1211 2137 1271 et
2198 1207 2526 1284 similiter,
2590 1209 2704 1287 qui

319 1312 587 1376 multum
658 1316 761 1375 est
834 1310 1082 1375 amicus
1158 1308 1408 1375 inimici
1483 1310 1718 1391 nostri,
1787 1311 2133 1393 judicatur
2199 1311 2399 1377 etiam
2468 1318 2700 1378 noster

319 1414 639 1480 inimicus.
1631 1409 1634 1412 ’

517 1520 613 1584 Et
673 1524 893 1600 nota,
955 1519 1253 1597 quamvis
1319 1519 1645 1599 praedicti
1707 1520 2078 1585 sortiantur
2141 1540 2370 1587 nomen
2434 1522 2697 1605 inimici,

316 1627 534 1688 tamen
580 1626 841 1702 quando
888 1642 929 1687 a
972 1623 1356 1689 testimonio
1394 1623 1528 1688 sint
1560 1625 1946 1705 repellendi,
1981 1626 2378 1705 relinquitur
2410 1627 2690 1693 arbitrio

317 1732 382 1792 et
425 1727 879 1793 conscientiae
925 1727 1387 1810 judicantium,
1452 1746 1540 1792 sc.
1582 1728 1828 1810 judicis
1895 1735 1964 1793 et
2019 1732 2412 1813 juratorum.
2479 1732 2696 1797 Nota

317 1848 350 1896 e
367 1832 429 1896 ti
450 1851 489 1896 a
506 1851 589 1909 m,
619 1832 781 1897 licet
812 1831 978 1896 dicti
1000 1832 1483 1912 prohibeantur
1506 1851 1544 1895 a
1569 1832 1970 1915 testimonie,
1997 1838 2219 1899 tamen
2253 1836 2700 1901 admittantur

316 1936 396 2000 ad
441 1938 908 2016 accusandum,
968 1934 1026 1999 si
1086 1935 1396 2016 injuriam
1453 1954 1637 2004 suam
1697 1937 1808 2001 vel
1867 1954 2126 2002 suorum
2189 1946 2697 2019 prosequantur.

426 2089 433 2095 ’
521 2093 668 2156 711.
716 2089 902 2163 Quod
946 2092 1157 2152 minor
1201 2114 1499 2154 numerus
1550 2099 1808 2155 testium
1859 2114 1982 2155 ‘non
2044 2116 2296 2177 semper
2353 2094 2702 2179 repellitur

310 2218 430 2280 per
503 2198 830 2280 majorem.
913 2195 1191 2280 Quidam
1258 2196 1545 2262 villanus
1614 2198 1951 2280 impetivit
2019 2202 2348 2278 quandam
2419 2200 2700 2283 viduam,

316 2302 485 2380 quod
554 2300 836 2365 maritus
904 2303 1046 2383 ejus
1114 2301 1181 2365 in
1252 2300 1346 2366 VI
1414 2320 1550 2366 seX.
1613 2322 1710 2385 gr.
1758 2303 1886 2369 sibi
1930 2302 2058 2369 fuit
2104 2304 2455 2387 obligatus,
2527 2307 2697 2385 quod

314 2406 520 2471 vellet
555 2423 673 2486 per
705 2406 865 2469 duos
899 2410 1113 2470 testes
1144 2406 1414 2471 idoneos
1446 2408 1925 2473 demonstrare.
1969 2409 2188 2473 Vidua
2217 2427 2376 2474 vero
2409 2415 2699 2491 negante

317 2517 384 2575 et
430 2509 783 2575 viceversa
832 2526 951 2589 per
998 2511 1159 2574 duos
1208 2515 1421 2575 testes
1483 2510 1926 2577 innocentiam
1989 2531 2176 2577 suam
2240 2514 2698 2581 demonstrare

320 2614 606 2695 volente,
651 2613 943 2678 villanus
990 2614 1285 2679 dicebat:
1340 2616 1659 2696 „Domine
1698 2617 1924 2699 judex,
1973 2622 2208 2682 contra
2254 2619 2419 2682 duos
2468 2622 2700 2699 testeS,

319 2736 480 2796 quos
529 2719 729 2783 vidua
776 2718 925 2781 vult
971 2723 1294 2802 statuere,
1338 2719 1504 2785 alios
1552 2725 1839 2799 quatuor
1886 2740 1985 2786 me
2025 2722 2244 2803 obligo
2277 2726 2702 2803 statuturum,

320 2828 386 2887 et
431 2840 697 2902 quaero,
742 2826 963 2886 utrum
1009 2822 1216 2903 major
1262 2842 1571 2889 numerus
1621 2825 1894 2889 testium
1926 2825 2031 2890 vsit
2071 2826 2306 2890 minori
2339 2819 2698 2890 secundum

314 2928 646 3010 justitiam
680 2928 1156 3009 praeferendus
1176 2927 1245 2991 ?“

528 3032 801 3113 Super
868 3051 1023 3112 quo
1094 3032 1565 3097 diffinitum
1638 3040 1802 3097 est:
1873 3034 2067 3098 Licet
2127 3033 2199 3098 in
2242 3033 2541 3113 pluribus
2589 3036 2701 3097 ad-

320 3137 629 3203 mittatur
650 3137 935 3219 juribuS,
968 3140 1140 3216 quod
1173 3142 1386 3202 testes
1420 3140 1647 3218 plures
1689 3139 2020 3220 repellant
2068 3137 2431 3221 pauciores,
2477 3143 2703 3204 tamen

324 3240 441 3305 hoc
488 3242 559 3307 in
596 3244 745 3325 jure
791 3241 974 3307 civili
1018 3243 1101 3306 ab
1151 3242 1422 3320 antiquo
1484 3244 1755 3307 servari.
1800 3243 1867 3308 in
1922 3242 2142 3307 causis
2207 3244 2506 3307 omnibus
2570 3261 2700 3306 non

323 3346 685 3411 consuevit.
729 3344 925 3410 Unde
969 3345 1173 3410 vidua
1220 3364 1339 3425 per
1384 3351 1597 3411 testes
1646 3342 2057 3410 sufficientes
2106 3363 2213 3410 res
2263 3351 2331 3410 et
2378 3347 2550 3410 bona
2583 3363 2704 3410 sua

325 3450 736 3515 defendendo
805 3449 1038 3516 melius
1106 3454 1331 3529 potest
1397 3455 1687 3515 actorem
1763 3451 2071 3529 evadere,
2139 3467 2329 3527 quam
2394 3450 2538 3529 ipse
2586 3467 2704 3528 per

325 3558 539 3619 testes
584 3556 920 3637 aequales,
985 3571 1148 3633 quos
1196 3554 1378 3635 prius
1440 3554 1507 3619 in
1571 3554 1983 3633 querimonia
2045 3553 2339 3618 asseruit
2398 3571 2470 3617 se
2532 3553 2705 3618 velle

327 3663 649 3738 statuere,
693 3677 836 3723 eam
886 3658 1100 3740 possit
1145 3658 1557 3733 convincere,
1605 3658 1801 3737 pleno
1841 3659 2011 3739 jure.
2059 3657 2199 3722 Nec
2251 3675 2365 3737 per
2404 3658 2528 3720 hoc
2555 3658 2710 3738 jura

330 3761 550 3828 civilia
594 3762 765 3843 aliis,
811 3782 935 3829 nec
981 3764 1143 3844 ipsis
1191 3764 1324 3828 alia
1371 3762 1901 3827 contrariantur:
1950 3781 2092 3827 cum
2141 3762 2312 3826 enim
2351 3759 2506 3841 jura
2547 3761 2710 3825 talia

330 3868 797 3945 quodammodo
830 3867 966 3934 sint
998 3866 1604 3947 consuetudinaria,
1654 3870 1723 3929 et
1755 3884 1886 3931 non
1917 3867 1985 3930 in
2017 3872 2157 3930 toto
2191 3865 2452 3947 legalia,
2487 3882 2714 3929 unum-

331 3972 628 4050 quodque
683 3988 801 4052 pro
848 3971 1009 4052 loco,
1061 3970 1132 4035 in
1190 3989 1319 4051 quo
1381 3970 1692 4052 usitatur,
1752 3970 1980 4034 valere
2042 3974 2286 4050 potest.
2347 3968 2475 4033 Est
2535 3968 2709 4033 enim

334 4075 735 4140 consuetudo
782 4077 1145 4140 secundum
1189 4076 1374 4158 leges
1413 4076 1523 4157 jus
1564 4074 1856 4139 moribus
1890 4074 2219 4139 utentium
2252 4075 2710 4154 approbatum.

540 4197 683 4294 712.
734 4230 833 4293 De
878 4232 1241 4294 testimonio
1295 4252 1423 4314 per
1475 4231 1902 4315 privileqium
1947 4230 2158 4313 facto,
2222 4230 2500 4314 Quidam
2562 4246 2707 4309 pro·

337 4339 694 4414 posuerunt
740 4335 913 4401 hunc
960 4353 1213 4400 casum:
1265 4334 1547 4419 Quidam
1595 4336 1678 4401 de
1724 4336 1800 4401 A.
1848 4334 2279 4413 conqueritur
2309 4351 2512 4413 super
2546 4334 2720 4398 duos*
