3275 5009
264 350 318 403 232
782 346 949 402 Sententiae

263 556 394 626 domino
418 561 585 639 praestet3
608 556 658 623 ita
679 551 793 623 tamen
814 556 945 639 lapides
968 558 1109 623 caedere
1140 556 1250 637 debet,
1281 558 1452 637 postquam

262 659 453 731 satisfaciat
476 659 616 742 domino,
638 664 677 727 ut
699 678 806 740 neque
833 678 912 727 usus
940 661 1171 727 neccessarius
1201 658 1323 742 lapidis
1357 658 1463 725 inter·

263 767 559 849 claustrumque
582 764 798 831 commoditas
822 764 872 831 rei
890 763 969 848 Jure
992 764 1167 831 adimatur.
1192 763 1353 847 Quamvis
1368 763 1460 840 mari,

263 872 354 953 quod
375 871 498 935 nature
520 868 670 935 omnibus
692 873 798 952 patet,
823 868 969 937 servitus
993 868 1115 950 imponi
1138 868 1273 950 privata
1295 868 1371 951 lege
1397 886 1462 933 non

262 974 387 1061 possit:
413 972 492 1056 quia
522 977 636 1041 tamon
665 974 753 1041 bona
782 974 867 1040 fides
900 976 1095 1040 contractus
1125 973 1236 1057 legem
1259 970 1460 1039 venditionis

263 1078 395 1148 servari
418 1076 577 1161 exposcit,
600 1094 763 1157 personae
791 1077 1033 1159 possidentium
1064 1096 1125 1159 per
1158 1077 1384 1160 stipulationis
1408 1076 1460 1143 vel

263 1182 468 1251 venditionis
490 1184 599 1266 legem
621 1182 805 1267 obligatum
830 1186 864 1249 et
888 1182 937 1249 sic
959 1188 1050 1267 nota,
1072 1184 1159 1263 quod
1183 1181 1324 1263 piscatio
1350 1179 1462 1263 maris,

263 1306 349 1368 quae
372 1291 425 1355 est
447 1286 564 1370 libera,
587 1287 625 1353 fit
649 1304 758 1353 serva.

369 1409 434 1494 Qui
456 1413 585 1476 certum
603 1408 722 1490 locum,
744 1408 811 1474 iter
835 1408 890 1477 ιιι
912 1411 1023 1474 actum
1039 1407 1141 1474 alicui
1159 1406 1335 1484 concessit,
1351 1409 1463 1489 potest

263 1512 414 1599 pluribus
438 1530 499 1595 per
520 1514 660 1579 eundem
689 1511 799 1578 locum
830 1511 885 1579 vel
919 1513 995 1592 iter,
1028 1510 1083 1582 vel
1118 1518 1229 1579 actum
1264 1512 1464 1592 concedere;

264 1617 353 1684 sicut
376 1624 411 1683 at
433 1616 462 1683 si
492 1617 567 1697 quis
597 1616 707 1683 vicino
737 1635 798 1683 suo
829 1619 931 1683 aedes
962 1633 1080 1683 servas
1109 1615 1202 1699 fecit,
1231 1614 1460 1681 nichilominus

264 1724 527 1802 quibuscumque
550 1720 635 1805 cliiS,
658 1725 697 1787 ut
719 1721 749 1787 si
771 1722 854 1805 vult,
873 1721 988 1787 multis
1004 1724 1117 1803 potest
1132 1738 1191 1787 eas
1207 1737 1324 1787 servas
1340 1720 1461 1785 tacere.

368 1844 487 1911 Potest
508 1844 612 1911 etiem
633 1842 791 1911 heredem
813 1862 909 1910 suum
933 1843 1007 1923 quis
1031 1845 1221 1926 dampnare,
1252 1861 1293 1909 ne
1320 1840 1459 1908 alterius

264 1950 367 2017 aedes
388 1966 469 2014 suas
491 1946 599 2028 tollat,
621 1965 663 2014 ne
686 1946 866 2015 luminibus
889 1947 1021 2016 aedium
1044 1946 1228 2027 uicinorum
1251 1945 1388 2028 officiat,
1407 1944 1462 2015 vel

265 2056 305 2118 ut
327 2050 478 2134 potiatur
500 2069 584 2136 eum,
604 2052 733 2135 tignum
756 2051 791 2117 in
814 2052 978 2134 parietem
1000 2050 1190 2133 immittere,
1213 2049 1268 2117 vel
1290 2049 1462 2116 stillicidia

264 2158 429 2226 adversus
452 2174 526 2221 eum
547 2156 682 2237 habere,
705 2160 740 2220 ct
759 2160 797 2221 ut
808 2155 962 2247 patiatur
978 2156 1123 2222 vicinum
1140 2172 1235 2221 suum
1251 2171 1312 2235 per
1327 2152 1461 2219 fundum

264 2279 361 2327 suum
383 2258 562 2326 veleades
585 2259 643 2343 ire,
666 2278 778 2343 cgere,
800 2277 985 2340 aquamque
1008 2278 1050 2326 ex
1074 2277 1113 2326 eo
1136 2253 1271 2332 ducere.

370 2426 443 2493 618.
458 2422 608 2497 Qualiter
624 2424 797 2488 servitutec
816 2423 1021 2489 omittantur.
1040 2424 1229 2491 servitutes
1247 2422 1459 2505 praediorum

264 2528 522 2611 confunduntur,
544 2527 574 2595 si
597 2526 683 2594 idem
705 2526 880 2608 utriusque
900 2528 1029 2609 praedii
1043 2528 1195 2595 dominus
1214 2544 1287 2594 esse
1305 2526 1462 2610 coeperit.

264 2633 332 2719 Qui
353 2632 419 2701 iter
440 2633 544 2699 habet
566 2636 600 2697 et
623 2635 744 2713 ectum,
766 2630 796 2696 si
819 2635 950 2698 statuto
973 2636 1122 2714 tempore
1142 2637 1275 2698 tantum
1292 2631 1379 2714 ierit,
1395 2649 1461 2697 nou

264 2738 409 2821 periisse
438 2742 560 2819 actum,
590 2735 703 2802 multis
737 2735 865 2817 placetr
895 2756 972 2804 nam
1004 2736 1054 2803 ire
1086 2754 1217 2818 quoque
1244 2753 1307 2817 per
1329 2752 1462 2801 seeum

263 2860 373 2925 posse,
403 2843 460 2923 qui
489 2845 601 2907 actum
634 2841 747 2923 habet,
779 2840 899 2922 placet.
933 2841 957 2907 J
959 2859 1019 2907 ura
1052 2840 1263 2922 praediorum
1297 2843 1404 2905 morte
1427 2842 1462 2905 ιι

263 2946 386 3029 capitis
409 2944 625 3012 diminutione
648 2962 714 3010 non
737 2944 848 3026 perire
872 2945 973 3029 uulgo
996 2944 1159 3011 traditum
1183 2948 1244 3014 est.

367 3066 453 3133 Item
489 3066 557 3132 iter
593 3065 746 3147 sepulcro
788 3066 937 3132 debitum
977 3068 1184 3133 non-utendo
1231 3084 1297 3132 non
1334 3064 1460 3131 ammit-

262 3170 357 3252 titur,
387 3177 422 3237 et
452 3170 606 3237 similiter
634 3170 690 3237 via
718 3169 853 3251 publica
887 3188 951 3236 non
984 3170 1073 3251 perit
1099 3172 1317 3249 uon-utendo,
1340 3174 1376 3235 ιι
1399 3170 1460 3236 hoc

262 3278 317 3340 est
349 3274 495 3355 speciale
529 3274 564 3340 in
597 3272 682 3340 istis.
720 3272 873 3341 Servitus
912 3280 946 3339 et
981 3292 1043 3356 per
1079 3273 1203 3340 socium
1235 3271 1458 3341 fructuarium

263 3383 299 3445 et
309 3380 420 3444 *bonae
436 3376 515 3444 fidei
529 3395 755 3460 possessorem
777 3378 874 3444 nobis
894 3377 1071 3444 retinetur.
1096 3378 1130 3445 Si
1148 3378 1268 3459 aliquis
1285 3377 1460 3445 stillicidia

261 3483 364 3549 habet
387 3481 508 3563 aliquis
539 3480 741 3549 immittendi
770 3499 845 3549 eam
868 3481 903 3548 in
926 3499 1038 3549 aream
1067 3486 1169 3564 tuam,
1200 3488 1236 3549 et
1269 3481 1458 3563 permiserit

261 3586 326 3653 tibi
337 3585 393 3670 ιιι
409 3585 444 3652 in
460 3603 501 3653 ea
515 3602 596 3652 arca
612 3584 820 3669 aedificandi,
847 3584 1021 3653 stillicidia
1044 3586 1231 3652 immitendi
1251 3588 1305 3671 jus
1325 3586 1461 3653 amittit.

260 3688 308 3756 Et
330 3690 493 3774 similiter,
517 3690 548 3755 si
569 3708 631 3771 per
652 3688 790 3755 fundum
819 3690 900 3757 mihi
928 3690 986 3758 via
1016 3692 1180 3759 debeatur
1210 3695 1245 3756 et
1278 3690 1458 3773 promisero

260 3794 324 3860 tibi
346 3794 381 3859 ιιι
404 3812 442 3860 eo
465 3795 548 3876 loco,
571 3810 632 3876 per
653 3812 750 3873 quem
771 3794 829 3862 via
844 3796 1016 3873 debeatur,
1047 3795 1175 3876 aliquid
1200 3793 1313 3862 facere
1342 3794 1460 3862 amitto

256 3898 314 3983 jus
348 3897 431 3966 viae.
466 3896 503 3964 si
535 3915 739 3965 communem
770 3897 908 3965 fundum
942 3916 1004 3985 ego
1038 3906 1074 3965 ιι
1108 3898 1252 3982 pupillus
1287 3898 1459 3983 habemus,

260 4004 412 4085 uterque,
440 4001 522 4070 licet
551 4019 618 4069 non
647 4004 810 4086 uteretur,
841 4005 954 4071 tamen
984 4007 1122 4087 propter
1152 4002 1314 4087 pupillum
1338 4006 1375 4070 et
1400 4018 1461 4087 ego

261 4104 353 4173 viam
374 4105 513 4173 retineo.
1247 4103 1250 4108 ’

365 4208 528 4293 Quotiens
551 4209 699 4278 servitus
716 4208 939 4293 confunditur,
954 4209 1080 4277 totiens
1096 4210 1147 4276 uti
1164 4228 1204 4277 ea
1220 4209 1286 4294 ille,
1302 4212 1344 4277 ad
1361 4227 1457 4291 quem

259 4314 421 4399 pertinet,
443 4333 510 4381 non
534 4317 655 4396 potest.
687 4311 724 4379 si
745 4315 784 4396 is,
811 4313 868 4394 qui
898 4314 1054 4381 haustum
1084 4315 1196 4396 habet,
1227 4332 1287 4398 per
1317 4320 1460 4409 tempus,
