3275 5009
1348 362 1682 416 BrunenseS.
2612 366 2719 418 159

275 555 554 635 merito
598 570 918 636 liberari?
968 571 1112 655 Quo
1159 571 1467 637 similiter
1510 572 1925 638 sententiato
1972 572 2201 651 libem,
2248 581 2514 640 actores
2563 593 2714 640 con-

265 675 533 752 questi
597 680 756 740 sunt
824 677 905 740 de
973 675 1344 757 FridericO,
1412 677 1585 756 quod
1654 675 1839 759 origo
1911 676 2378 761 contentioniS,
2445 679 2514 743 in
2584 697 2716 759 qua

273 795 541 843 eorum
571 779 974 860 propinquus
999 779 1262 846 occisus
1297 787 1497 863 esset,
1530 799 1651 862 per
1676 800 1825 847 eum
1849 781 2239 862 incoeperit,
2266 801 2473 862 quare
2498 783 2713 864 ipsum

284 882 374 946 de
428 901 650 962 opera
709 884 1044 950 homicidii
1105 890 1521 952 accusarent.
1586 886 1693 951 Ad
1754 888 1925 966 quod
1985 885 2334 952 Fridricus
2382 887 2712 953 ostendit:

270 1005 448 1051 cum
503 988 849 1053 sententia
915 989 1273 1055 diffinitiva
1319 989 1402 1056 ab
1451 990 1717 1056 actione
1762 990 2172 1073 principalis,
2222 1008 2312 1054 sc.
2359 990 2713 1075 homicidii,

270 1107 450 1155 neum
515 1093 969 1173 absolverent,
1007 1102 1252 1159 ‘utrum
1314 1113 1443 1160 non
1506 1104 1692 1161 esset
1754 1095 1955 1160 etiam
2018 1097 2100 1160 de
2163 1113 2365 1175 opera
2426 1100 2499 1162 et
2561 1097 2713 1162 aliis

268 1196 712 1261 accessoriis
782 1197 1278 1263 absolvendus?
1344 1199 1567 1264 Judex
1634 1203 1856 1265 autem
1920 1200 2278 1279 quaesivit,
2342 1218 2485 1265 cum
2567 1201 2711 1281 ipse

287 1299 642 1364 immerito
687 1301 1117 1368 fraudaretur
1165 1321 1282 1368 suo
1324 1304 1490 1385 jure,
1538 1304 1685 1383 quis
1735 1306 2046 1370 emendas
2082 1303 2418 1371 homicidii
2448 1306 2710 1371 solvere

286 1405 716 1475 teneretur?

475 1604 481 1609 ,
522 1527 738 1608 S··per
761 1544 1035 1607 quorum
1052 1529 1261 1614 primo
1288 1547 1371 1595 se
1392 1549 1433 1595 n
1452 1535 1482 1594 t
1499 1547 1535 1595 e
1554 1549 1597 1594 n
1615 1535 1645 1594 t
1662 1530 1685 1595 i
1702 1549 1742 1594 a
1760 1538 1848 1595 tu
1868 1549 1927 1594 m
1951 1528 2110 1596 fuit:
2138 1529 2325 1612 Quod
2344 1549 2491 1596 cum
2506 1532 2710 1597 homi-

269 1630 559 1696 cidium
605 1635 674 1698 et
719 1649 923 1714 opera
967 1651 1098 1698 non
1143 1639 1300 1700 sunt
1346 1652 1589 1701 causae
1621 1635 2006 1700 necessarie
2048 1652 2405 1717 connexae,
2438 1648 2707 1703 actores

287 1744 595 1816 possunt
627 1740 762 1803 tam
811 1734 1186 1802 Fridricnm
1217 1755 1413 1816 quam
1443 1737 1805 1803 Martinam
1837 1755 2041 1818 super
2072 1757 2313 1821 operas
2354 1747 2709 1824 accusare3

269 1859 499 1906 ‚secus
549 1846 768 1906 autem
817 1849 1018 1924 esset,
1070 1843 1129 1906 si
1175 1842 1475 1907 accusati
1521 1839 1657 1908 non'
1700 1861 1782 1908 ex
1828 1843 2245 1926 negligentia
2284 1844 2554 1927 actoriS,
2586 1845 2705 1915 sed

276 1963 382 2010 ex
433 1944 829 2012 defensione
877 1964 995 2028 per
1029 1951 1241 2012 testes
1288 1946 1537 2012 fuerint
1583 1945 1893 2013 absoluti.
1942 1947 2157 2030 Super
2201 1951 2495 2014 secundo
2546 1968 2705 2018 vero

293 2068 327 2114 s
347 2069 386 2116 e
407 2071 456 2116 n
475 2055 511 2115 t
531 2052 813 2116 entiat
831 2070 874 2117 u
892 2070 952 2114 m
986 2056 1109 2134 est,
1140 2052 1316 2130 quod
1341 2050 1550 2133 judex
1584 2054 1897 2118 emendas
1929 2055 2012 2118 de
2029 2051 2181 2133 jure
2208 2052 2617 2132 perdidisset
2640 2055 2709 2120 in

278 2154 698 2235 :homicidi03
759 2173 908 2219 nam
955 2160 1291 2233 tamquam
1336 2154 1690 2236 principali
1735 2173 1867 2221 non
1913 2158 2321 2238 procedente
2388 2160 2708 2225 emendae

293 2258 662 2338 iudiciales
711 2259 886 2325 sicut
925 2259 1368 2324 accessorium
1403 2257 1827 2324 suffocantur.
1874 2259 2109 2325 Potest
2140 2265 2365 2327 tamen
2388 2263 2599 2344 judex
2650 2263 2709 2329 si

283 2363 617 2446 voluerit,
670 2368 900 2444 partes
955 2362 1370 2443 compellere,
1405 2365 1574 2443 quod
1607 2367 1798 2429 tacta
1831 2363 2031 2429 cruce
2063 2365 2259 2430 fidem
2291 2365 2419 2432 sibi
2451 2366 2709 2433 faciant

277 2469 384 2533 de
437 2466 924 2548 compositione
969 2466 1151 2533 inter
1195 2485 1308 2532 eos
1356 2467 1616 2532 occulte
1650 2485 1782 2532 non
1813 2466 2013 2549 facta,
2044 2474 2121 2533 ut
2153 2470 2373 2549 ipsum
2408 2472 2706 2537 emendis

289 2573 550 2638 taliter
595 2570 1090 2636 defraudarent.
1136 2571 1230 2636 Et
1263 2570 1538 2651 proinde
1572 2573 2054 2655 notandum,
2103 2574 2272 2652 quod
2308 2577 2707 2655 quandoque

289 2681 501 2743 tenet
561 2675 928 2757 principale
979 2680 1050 2739 et
1096 2675 1556 2752 accessorium,
1605 2683 1680 2740 ut
1728 2677 1989 2755 quando
2063 2679 2421 2744 secundum
2468 2678 2705 2761 legem,

274 2781 712 2859 quandoque
745 2785 1073 2860 neutrum,
1104 2785 1182 2842 ut
1213 2780 1477 2858 quando
1510 2785 1747 2844 contra
1778 2778 2009 2863 legem,
2045 2783 2436 2862 quandoque
2477 2801 2702 2849 acces-

283 2885 553 2950 sorium
598 2889 878 2969 tantum,
921 2891 998 2950 ut
1045 2885 1306 2966 quando
1354 2889 1630 2966 praeter
1675 2884 1912 2967 legem.

517 3040 662 3106 382.
707 3037 808 3107 De,
851 3038 1188 3100 homicidii
1231 3059 1430 3122 opera
1477 3048 1785 3122 quantum
1817 3038 1907 3102 ad
1936 3049 2431 3109 accusationem.
2480 3042 2703 3111 Solum

283 3145 370 3210 ‘in
419 3142 794 3215 homicidiis
843 3149 913 3209 et
959 3143 1160 3210 etiam
1209 3144 1598 3210 excessibus
1645 3163 1856 3224 aeque
1909 3145 2248 3228 gravibUS,
2312 3152 2381 3212 et
2440 3166 2571 3215 non
2632 3149 2703 3215 in

301 3247 714 3329 vulneribuS,
762 3258 1042 3327 possunt
1087 3249 1290 3328 aliqui
1338 3250 1419 3314 de
1473 3249 1843 3331 „vollayst“
1881 3251 2202 3316 accusari.
2251 3251 2344 3316 Et
2375 3251 2474 3318 sic
2506 3241 2718 3321 occu-⁷

285 3348 498 3418 satus
545 3353 894 3418 excusabit
941 3371 1011 3418 se
1059 3353 1444 3419 mettertius
1489 3354 1782 3420 fidelium
1829 3355 2140 3436 virorum,
2176 3355 2352 3420 sicut
2384 3356 2703 3425 scribitur

305 3456 371 3523 in
398 3457 450 3525 J
452 3456 682 3522 uribus
711 3455 1196 3540 Originalibus:
1225 3459 1546 3540 „Insuper
1571 3459 1628 3524 si
1646 3457 1821 3524 filius
1840 3459 1947 3524 vel
1964 3459 2215 3525 amicus
2232 3459 2510 3543 alicujus
2531 3464 2695 3528 etc.“

307 3561 378 3627 Si
427 3566 651 3626 autem
711 3561 1032 3627 ceciderit
1087 3562 1198 3626 vel
1245 3564 1598 3628 emendare
1662 3563 1968 3644 voluerit,
2032 3563 2247 3629 actori
2309 3565 2527 3630 solvet
2572 3566 2701 3632 LX

290 3683 580 3748 rgrossos
629 3669 700 3731 et
737 3665 949 3749 judici
998 3670 1068 3731 et
1116 3665 1381 3732 civitati
1427 3666 1711 3733 mediam
1756 3685 2176 3750 sexagenam.

725 3855 1215 3939 Capitulum
1261 3854 1608 3923 XXXIII:
1662 3858 1782 3923 De
1825 3856 2283 3926 incendiis
2377 3933 2386 3943 ,

518 4005 660 4068 383.
722 4003 823 4066 De
866 4005 1158 4067 incendio
1214 4013 1520 4087 quantum
1569 4007 1657 4070 ad
1702 4013 2027 4070 minarum
2080 4015 2572 4095 impositionem.
2628 4012 2700 4078 Si

287 4113 664 4175 ,accusatus
711 4110 793 4174 de
839 4107 1033 4175 minis
1080 4107 1374 4175 incendii
1419 4115 1489 4177 et
1518 4110 1773 4178 litteris
1807 4111 2123 4194 ejnsdem,
2156 4114 2545 4194 probaverit
2579 4133 2701 4196 per

304 4214 438 4280 VII
484 4219 699 4280 testes
745 4214 1036 4296 idoneOS,
1085 4233 1156 4279 se
1204 4216 1322 4281 illa
1351 4223 1567 4299 nocte,
1598 4217 1666 4282 in
1701 4235 1828 4296 qua
1859 4217 2026 4283 talia
2058 4218 2252 4301 signa
2284 4223 2442 4284 sunt
2476 4221 2697 4284 domui

290 4319 737 4400 appensa-in
783 4322 1068 4385 taberna
1114 4321 1225 4385 vel
1269 4321 1338 4385 in
1385 4321 1507 4385 tali
1555 4322 1699 4387 loco
1747 4340 1893 4387 cum
1954 4323 2255 4388 honestis
2324 4323 2568 4390 fuisse:
2615 4326 2697 4390 de
