3275 5009
1348 299 1681 352 BrunenseS.
1944 341 1949 343 Α
2639 303 2702 353 81

320 511 438 574 sub
485 508 612 573 hac
659 509 1059 591 conditione,
1106 512 1279 588 quod
1326 516 1446 590 per
1491 509 1657 574 alios
1707 510 1869 574 duos
1918 511 2062 573 dies
2096 526 2351 587 ¹equum
2398 504 2582 574 tuum
2617 511 2704 574 ad

320 618 615 678 aratrum
660 631 874 678 meum
920 614 1077 679 mihi
1124 615 1608 679 reconcedas“:
1659 612 1971 692 quicquid
2018 631 2186 692 equo
2235 612 2330 677 sic
2371 631 2705 695 concess0,

320 718 661 783 dummodo
731 718 1000 785 nimium
1060 717 1389 802 fatigatus
1451 737 1583 784 non
1645 715 1868 799 fuerit,
1928 716 2272 801 acciderit,
2335 717 2510 782 alter
2573 735 2702 783 non

317 822 549 887 solvet.
586 823 776 888 Unde
809 825 1169 890 secundum
1203 813 1644 905 conditioneS,
1673 840 1841 901 quae
1874 821 2125 887 talibus
2159 821 2702 888 concessionibus

315 926 846 1010 interponuntur,
895 935 1001 994 est
1047 928 1352 1018 partibus
1400 929 1481 992 de
1520 925 1792 1009 justitia
1839 925 2336 1008 providendum.

518 1068 667 1134 135.
714 1067 841 1129 Res
889 1089 1215 1130 concessae
1248 1069 1558 1150 perditae
1591 1066 1966 1150 quandoque
1996 1085 2120 1125 non
2151 1062 2505 1128 solvuntur.
2543 1065 2703 1130 Cum

315 1170 571 1236 cuidam
618 1169 835 1237 noctis
881 1175 1178 1253 tempore
1240 1189 1361 1252 per
1417 1170 1601 1236 fures
1663 1169 1921 1236 fabrica
1982 1187 2103 1234 sua
2165 1167 2403 1251 fracta,
2465 1173 2537 1234 et
2589 1186 2699 1233 res

313 1279 444 1339 tam
492 1293 655 1340 suae
704 1293 900 1353 quam
945 1275 1243 1356 aliorum,
1297 1294 1413 1356 pro
1462 1275 1719 1356 quibus,
1782 1278 1856 1339 ut
1917 1291 2032 1338 eas
2095 1271 2409 1358 solveret,
2467 1271 2697 1353 impul·

310 1380 604 1462 sabatur,
652 1383 1041 1445 subtractae
1094 1377 1400 1459 fuissent,
1454 1377 2090 1445 sententiatum
2137 1376 2171 1443 f
2180 1377 2340 1442 uit:
2386 1375 2458 1442 Si
2503 1377 2693 1442 homo

312 1502 450 1548 cum
495 1486 700 1549 rebus
749 1484 1037 1566 propriis
1084 1484 1286 1575 etiam
1333 1485 1535 1549 rebus
1582 1483 1820 1548 alienis
1868 1499 1989 1563 per
2032 1479 2484 1561 infortunium,
2523 1479 2699 1545 sicut

313 1587 712 1669 perimam,
736 1588 1130 1665 incendium,
1158 1586 1572 1669 naufragium
1599 1587 1706 1653 vel
1733 1587 1915 1650 aliud
1939 1584 2077 1649 tale
2101 1583 2349 1649 factum
2377 1583 2698 1663 privatur,
2797 1626 2805 1631 -

312 1693 398 1755 ad·
436 1691 837 1758 solutionem
891 1711 1112 1757 rerum
1171 1691 1543 1774 hujusmodi
1601 1688 2036 1773 justicialiter
2095 1704 2226 1752 non
2281 1693 2568 1754 tenetur.
2630 1687 2700 1752 Si

311 1805 530 1862 autem
592 1814 735 1877 per·
772 1795 1088 1862 familiam
1152 1795 1482 1876 propriam
1552 1812 1660 1861 res
1726 1793 1895 1858 tales
1966 1792 2094 1857 sibi
2165 1794 2701 1872 deportarentur,

310 1905 462 1965 tunc
509 1904 874 1967 secundum
922 1900 1359 1981 allegationes
1406 1900 1656 1964 actoris
1707 1905 1776 1964 et
1822 1897 1938 1979 rei,
1994 1895 2207 1978 Jurati
2252 1895 2696 1960 consideratis

312 2005 811 2071 considerandis
844 2023 1047 2086 super
1093 2003 1448 2070 diffinitiva
1495 2002 1774 2068 ferenda
1813 2000 2154 2066 sententia
2188 1999 2698 2081 diligentissime

313 2110 723 2190 cogitabunt.

526 2249 671 2313 136.
768 2243 1141 2310 Concessum
1216 2255 1275 2308 et
1342 2245 1714 2328 depositum
1802 2264 2050 2325 semper
2122 2252 2218 2305 est
2290 2239 2698 2305 reddendum.

311 2351 681 2419 Praetextu
726 2351 937 2418 debiti
984 2351 1327 2417 restitutio
1378 2349 1771 2416 commodati
1817 2349 1926 2414 vel
1974 2346 2261 2428 depositi
2291 2363 2422 2411 non
2459 2348 2695 2425 proba-
2768 2356 2775 2360 ·

309 2456 529 2522 biliter
588 2462 974 2536 recusatum
1035 2458 1210 2521 unde
1270 2474 1392 2521 nec
1447 2454 1559 2533 qui
1614 2454 2092 2518 commodatum
2148 2450 2257 2516 vel
2317 2450 2693 2529 depositum

310 2560 523 2644 habet,
572 2579 656 2626 ex
702 2563 1012 2626 mandato
1061 2560 1299 2642 iudicis
1362 2579 1477 2641 pro
1546 2557 1810 2639 debitiS,
1871 2557 1940 2621 in
1997 2556 2233 2634 quibus
2281 2555 2696 2618 commodans

312 2666 412 2729 vel
456 2667 799 2747 deponens
842 2665 1029 2753 ⁸prius
1078 2663 1205 2730 sibi
1250 2665 1625 2742 tenebatur,
1673 2663 1850 2742 apud
1882 2678 1952 2723 se
1987 2659 2200 2740 ipsum
2232 2661 2458 2738 potest
2488 2657 2692 2723 inter-

262 2784 265 2786 ’
312 2769 526 2836 dicere
574 2768 787 2836 forma
823 2768 1029 2851 juris3
1078 2768 1366 2849 gladium
1411 2754 1635 2831 tamen
1687 2767 2103 2830 commodans
2167 2763 2273 2827 vel
2335 2764 2693 2841 deponens,

312 2873 366 2938 si
408 2891 700 2940 vesanus
769 2874 885 2938 fiat
951 2881 1021 2938 et
1080 2872 1347 2938 interim
1409 2871 1700 2951 gladium
1768 2864 2055 2948 repetat,
2124 2867 2264 2947 eJus
2331 2864 2695 2946 restitutiO,

310 2995 509 3056 usque
558 2966 837 3043 vesania
882 2980 1210 3059 transeat,
1273 2975 1635 3041 differatur.

510 3119 657 3184 137.
729 3117 829 3179 De
898 3136 1185 3178 concesso
1263 3121 1323 3177 et
1396 3115 1789 3176 commodato
1866 3120 2172 3192 quantum
2249 3108 2336 3170 ad
2409 3107 2691 3191 nunt-ios,

313 3222 653 3288 Famulum
720 3240 913 3287 suum
962 3219 1129 3286 civis
1177 3220 1439 3299 quidam
1488 3220 1572 3283 ad
1612 3217 1901 3302 judicem
1951 3216 2292 3298 cujusdam
2340 3211 2541 3279 villae
2573 3230 2693 3292 pro

314 3335 467 3405 'equo
516 3327 648 3393 sibi
690 3343 1005 3391 concesso
1040 3343 1186 3389 cum
1216 3324 1531 3404 misisset,
1563 3322 1870 3400 idemque
1901 3318 2188 3385 famulus
2220 3334 2388 3395 equo
2422 3322 2691 3396 recepto

315 3431 719 3512 recessisset,
769 3429 1145 3509 quaesitum
1178 3435 1300 3507 est,
1332 3427 1441 3492 cui
1473 3425 1776 3508 perditus
1809 3421 2212 3489 habeatur?
2236 3422 2280 3486 S
2300 3438 2504 3500 uper
2538 3437 2693 3497 quo

314 3551 812 3617 responsum
882 3538 1018 3598 est
1088 3534 1207 3602 sic
1276 3531 1936 3611 distinguendo:
2006 3527 2492 3593 Commodatam
2556 3541 2692 3588 rem

313 3637 541 3703 missus
590 3639 702 3717 qui
747 3641 1107 3717 repeteret,
1157 3654 1301 3700 cum
1345 3635 1737 3715 recepisset,
1783 3632 1974 3714 fugit,
2017 3632 2075 3697 si
2106 3631 2408 3696 dominus
2442 3628 2505 3693 ei
2547 3629 2693 3692 dari

306 3740 606 3825 jusserat,
691 3743 948 3807 domino
1028 3740 1237 3821 perit3
1315 3740 1373 3803 si
1449 3736 1905 3804 commonendi
1974 3738 2177 3800 causa
2246 3733 2539 3809 miserat,
2616 3736 2689 3796 ut

313 3845 630 3913 referetur
676 3865 785 3912 res
834 3847 1264 3925 commodata,
1333 3843 1447 3918 illi,
1514 3842 1621 3908 cui
1685 3830 2092 3907 commodata
2155 3843 2278 3919 est,
2343 3836 2536 3919 perit.
2597 3835 2691 3900 Et

316 3950 475 4029 quid,
552 3951 607 4016 si
682 3949 1000 4015 mentitus
1079 3956 1203 4029 est,
1289 3947 1537 4030 dicenS,
1615 3946 1745 4011 sibi
1822 3964 1961 4009 rem
2035 3944 2462 4024 reddendam,
2546 3937 2700 4005 cum'

316 4059 560 4121 tantum
608 4057 811 4120 causa
858 4051 1314 4118 commonendi
1344 4053 1583 4117 missus
1617 4049 1771 4116 est?
1819 4049 2309 4128 Respondetur,
2356 4049 2527 4125 quod
2563 4064 2691 4112 non

319 4166 500 4224 nocet
546 4159 1005 4237 commodanti,
1052 4157 1204 4238 quia
1251 4156 1313 4221 ei
1361 4157 1814 4237 imputandum
1863 4160 1985 4235 est,
2033 4151 2144 4231 qui
2189 4151 2497 4217 credulus
2530 4149 2695 4228 fuit,

319 4265 479 4328 unde
525 4263 1075 4330 commodatarius
1122 4260 1230 4327 vel
1278 4260 1727 4341 depositarius
1796 4269 2028 4325 cautus
2093 4274 2242 4322 esse
2301 4256 2520 4335 debet,
2584 4253 2692 4318 cui

414 4398 556 4440 Codex
580 4400 662 4450 jur.
693 4401 793 4442 boh.
822 4401 875 4440 11.
904 4405 943 4440 4.
2384 4377 2414 4425 6
