3275 5009
288 376 340 429 228
806 372 973 428 Sententiae

289 600 349 667 pro
372 581 496 655 debitis
525 579 598 651 rita
616 579 673 648 sit
703 580 896 664 privandae,
928 581 1080 662 quamvis
1116 581 1238 661 aliquis
1270 598 1337 646 non
1369 579 1489 646 solvat

288 687 446 770 debitum,
469 687 557 767 quod
586 684 648 752 sub
682 703 789 767 poena
817 685 939 768 capitis
971 702 1008 751 εθ
1040 685 1172 753 solvere
1204 685 1292 751 velle
1317 684 1495 765 promisitt

288 798 401 859 tamen
422 789 502 858 talis
526 789 650 856 auxilio
669 789 804 873 judicie,
825 790 855 856 si
869 808 971 874 super
987 807 1025 855 eo
1037 789 1224 873 judicatum
1239 787 1351 867 fuerit,
1367 788 1485 854 mortis

289 894 452 978 supplicio
475 913 541 961 non
564 901 617 961 θεῖ
640 896 851 980 tradendus.)

392 999 438 1065 Et
469 1018 529 1082 pro
563 998 631 1064 ista
666 999 809 1064 materia
842 1005 943 1064 nota
977 999 1100 1064 bene:
1135 997 1229 1081 Quod
1263 997 1318 1064 vel
1344 998 1402 1082 Jns
1432 1003 1487 1062 θεῖ

287 1102 451 1187 publicum
494 1101 698 1170 auctoritate
733 1110 768 1169 et
810 1101 968 1183 utilitate,
1014 1107 1053 1167 ut
1096 1102 1175 1181 quia
1215 1103 1271 1184 Jus
1315 1100 1388 1166 fisci
1430 1102 1486 1166 vel

289 1207 366 1288 quia
399 1207 532 1290 publica
565 1207 713 1274 vertitur
745 1206 793 1272 ibi
827 1205 977 1288 utilitas3
1014 1212 1050 1272 et
1083 1211 1163 1272 tune
1195 1203 1384 1271 renuntiari
1418 1223 1493 1270 non.

288 1315 417 1395 potest,
440 1315 500 1377 aut
519 1311 722 1378 auctoritate
746 1315 886 1394 tautum,
900 1328 966 1376 non
981 1314 1096 1377 tamen
1111 1308 1269 1375 utilitate
1284 1327 1375 1392 vera,
1403 1313 1486 1374 tnnc

288 1419 348 1482 aut
370 1420 424 1483 est
446 1420 610 1482 statutum
634 1419 766 1482 tantum
788 1415 939 1482 utilitate
961 1415 1197 1496 renuntiantis,
1225 1418 1286 1479 aut
1310 1412 1486 1507 communi.

287 1519 398 1586 Primo
422 1539 501 1588 casu
524 1524 637 1603 potest
659 1518 857 1603 renuntiari,
880 1521 952 1586 sive
976 1520 1021 1585 sit
1043 1518 1255 1603 privilegium
1278 1518 1350 1586 sive
1365 1518 1423 1600 Jus
1440 1536 1490 1584 cx

288 1623 397 1705 aliquo
425 1629 601 1691 contractu
630 1623 686 1692 vel
717 1628 827 1706 pacto.
859 1623 896 1690 Si
924 1642 1005 1690 vero
1035 1623 1198 1690 communi
1227 1621 1387 1703 utilitate,
1411 1623 1432 1687 i.
1457 1640 1493 1687 e,

288 1728 420 1811 publica
444 1733 479 1794 ct
501 1727 737 1806 renuntiantis,
760 1733 841 1795 tunc
863 1746 930 1794 non
944 1727 1033 1794 licet.
1056 1727 1117 1811 (Et
1133 1729 1195 1792 hoc
1211 1731 1301 1809 puto,
1317 1728 1404 1806 quod
1419 1727 1487 1792 hoc

288 1836 421 1915 pactum
455 1851 523 1899 non
557 1837 683 1918 teneat,
724 1835 812 1913 quod
849 1830 979 1898 faciunt
1010 1832 1204 1913 creditores
1233 1832 1320 1910 quod
1350 1829 1492 1897 debitor

288 1957 353 2004 nou
374 1939 489 2004 valcat
512 1939 653 2017 probare
677 1937 874 2003 solutionem
906 1935 971 2002 nisi
998 1954 1059 2019 per
1090 1935 1298 2019 scripturam,
1332 1952 1406 2001 curn
1440 1935 1489 2000 sit

289 2041 470 2108 communis
493 2040 653 2107 utilitatis
677 2040 882 2124 testificatio,
914 2046 949 2106 et
971 2059 1037 2106 non
1060 2043 1161 2108 debet
1182 2039 1357 2123 angustari
1388 2038 1488 2120 copia

287 2144 528 2228 probationum,
561 2145 621 2210 sed
650 2145 729 2228 juri,
762 2147 852 2225 quod
883 2145 919 2210 in
952 2143 1102 2210 favorem
1131 2139 1184 2210 cst
1214 2144 1387 2209 inductum
1422 2161 1489 2210 ncc

287 2248 434 2316 vertitur
455 2248 489 2314 in
512 2266 551 2314 eo
575 2247 708 2329 publica
731 2248 871 2332 utilitas,
894 2248 1103 2330 pronuntiari
1119 2251 1241 2331 potest.
1264 2247 1311 2312 Et
1326 2246 1403 2312 hinc
1420 2251 1491 2329 est,

287 2355 374 2434 quod
396 2370 463 2419 non
486 2351 578 2419 valet
600 2357 742 2434 pactum,
767 2357 805 2419 ut
828 2354 889 2418 dos
910 2351 1062 2419 ulteriori
1085 2351 1138 2418 die
1163 2353 1333 2433 reddatur,
1354 2351 1432 2431 quia
1449 2351 1485 2416 in

288 2459 366 2522 dote
387 2461 440 2523 est
455 2457 590 2539 publica
605 2462 640 2523 ct
656 2457 836 2524 communis
852 2457 992 2540 utilitas
1016 2462 1054 2522 ut
1069 2455 1220 2522 citeriori
1243 2455 1297 2521 die
1320 2457 1494 2521 reddatur·

287 2564 322 2626 et
345 2559 466 2627 civitas
483 2561 594 2626 sobole
610 2560 805 2644 repleatur.)

390 2661 432 2729 It
459 2663 528 2729 Aut
546 2663 602 2745 jus
632 2662 787 2730 consistit
817 2663 852 2729 in
881 2663 1107 2745 prohibitione
1137 2664 1192 2730 vel
1223 2667 1416 2745 praecepto,
1449 2670 1491 2728 et

286 2773 367 2835 tunc
391 2767 585 2835 renuntiare
608 2786 674 2833 non
697 2770 819 2851 potest,
848 2771 907 2833 ant
936 2767 971 2833 in
1000 2766 1226 2850 promissione,
1258 2772 1338 2832 tunc
1362 2772 1488 2848 potest,

390 2871 432 2939 Ιῖ.
454 2871 555 2938 Aliud
576 2873 630 2956 jus
655 2877 707 2938 est
730 2871 897 2955 generale,
916 2877 952 2938 et
966 2876 1049 2938 tnnc
1064 2889 1130 2937 non
1146 2869 1235 2955 licet,
1250 2874 1312 2936 aut
1328 2871 1493 2953 speciale,

287 2980 321 3043 et
342 2981 421 3043 tunc
445 2975 474 3041 si
497 2975 668 3065 odio,non
691 2975 780 3058 licet,
803 2976 936 3042 sivero
959 2975 1086 3056 favore,
1109 2975 1198 3042 lieet.

388 3078 431 3147 It.
453 3079 489 3145 Si
509 3078 563 3161 jus
587 3085 640 3145 est
663 3079 831 3162 publicum
852 3079 1058 3147 auctoritate
1082 3088 1117 3146 et
1135 3079 1285 3145 utilitate
1303 3079 1492 3162 privatum,

286 3189 368 3252 tunc
391 3183 572 3268 distingue,
607 3183 685 3268 quia
707 3188 767 3251 aut
790 3190 844 3251 est
866 3184 971 3251 solum
1005 3185 1040 3250 in
1069 3185 1218 3251 favorem
1243 3184 1424 3267 inductum,
1449 3188 1486 3247 θῖ

286 3294 367 3355 tunc
389 3291 501 3371 potest
524 3287 590 3354 sibi
611 3287 810 3370 renuntiari,
842 3293 901 3355 aut
928 3287 1078 3355 utilitate
1108 3289 1286 3371 privatum,
1317 3289 1378 3354 sed
1410 3304 1484 3352 cnm

285 3393 417 3460 ratione
440 3392 623 3472 inductum,
645 3391 694 3457 ita
716 3391 886 3476 videlicet,
916 3395 1004 3473 quod
1026 3393 1122 3473 quasi
1149 3392 1312 3460 communi
1343 3388 1485 3458 utilitati

284 3517 351 3566 non
373 3498 478 3565 solum
499 3495 626 3581 favore,
656 3514 771 3562 verum
799 3500 913 3563 tamen
944 3498 1028 3576 quod
1061 3495 1218 3578 expediat
1248 3495 1299 3562 rei
1328 3494 1490 3578 publicae

286 3599 388 3690 (siout
412 3606 465 3668 θεῖ
487 3600 581 3667 illud:
603 3599 655 3666 Ne
678 3599 753 3680 quis
776 3617 814 3666 re
837 3617 899 3666 sna
921 3601 1006 3666 male
1029 3597 1171 3686 utatur),
1187 3603 1268 3665 tunc
1285 3618 1352 3666 non
1368 3604 1490 3682 potest-

285 3704 393 3788 pactis
417 3706 623 3787 privatorum
646 3703 732 3770 tolli.

388 3809 458 3874 Neo
489 3813 603 3876 obstat
636 3809 678 3874 de
710 3807 817 3892 feriis,
851 3808 908 3875 ubi
940 3812 1074 3890 pactum
1107 3807 1202 3875 feriis
1237 3806 1420 3886 renuntiat,
1443 3809 1485 3871 ct

283 3918 397 3980 tamen
428 3911 533 3980 feriae
567 3916 647 3978 sunt
680 3912 827 3980 indictae
863 3911 1025 3979 communi
1049 3913 1126 3996 ‘jnre
1151 3918 1186 3979 et
1209 3913 1307 3992 quasi
1337 3911 1482 3992 quadam

285 4017 450 4084 communi
472 4017 632 4102 utilitate,
656 4015 737 4084 licet
760 4017 830 4084 sint
852 4017 1011 4083 utilitatis
1036 4016 1200 4099 privatae,
1224 4016 1304 4097 qnia
1324 4016 1378 4081 lex
1393 4015 1488 4079 oltra

285 4121 437 4203 procedit
460 4126 495 4188 et
518 4119 685 4204 promittit
706 4120 997 4203 renuntiationem,
1029 4119 1117 4188 sicut
1147 4121 1232 4186 alias
1263 4121 1420 4188 dicimus:
1444 4115 1490 4182 Si

283 4224 339 4292 lex
361 4225 486 4306 aliquid
509 4225 674 4308 prohibet,
691 4242 764 4290 cum
778 4224 869 4290 ultra
886 4223 1037 4304 procedit
1053 4223 1288 4309 permittendo,
1303 4223 1487 4305 aliquando

282 4331 369 4412 qnod
406 4327 572 4413 prohibet,
611 4328 646 4394 in
680 4344 805 4412 genere
840 4332 1005 4411 servatur,
1048 4329 1136 4408 qnod
1170 4328 1365 4410 specialiter
1398 4343 1480 4408 pro
