3275 5009
272 350 324 402 172
406 326 410 334 ¹
788 345 953 400 Sententiae

270 556 377 622 riendi
401 558 503 621 111111
526 552 750 637 coguitionem
782 555 961 634 perbonam
992 553 1196 636 desiderant,
1229 573 1289 635 per
1320 555 1472 623 libellum

267 659 423 743 expediri
456 678 522 725 non
555 664 696 739 possunt
738 675 780 722 ex
814 678 863 741 gr.
897 676 959 738 per·
992 658 1147 741 libellum,
1179 677 1240 740 per
1263 661 1476 726 'sententiam

270 764 424 845 partibus
447 763 642 829 absentibus
667 763 770 828 latam
794 769 829 826 et
852 764 895 827 ad
918 779 975 828 eas
1003 762 1098 828 velut
1126 763 1304 845 epistolam
1326 763 1474 848 missam,

270 868 326 934 vel
349 886 410 951 per
431 867 578 935 libellum
601 885 704 948 supra
727 867 843 931 datum
861 866 979 948 judici.

377 971 466 1039 Fere
488 972 522 1038 in
547 971 696 1037 omnibns
720 971 916 1052 poenalibus
935 969 1074 1055 judiciis
1097 976 1133 1036 et
1154 971 1264 1038 aetati
1292 976 1328 1036 et
1351 972 1477 1054 impru-

269 1076 410 1142 dentiae
433 1076 650 1157 succurritur,
674 1081 709 1140 ot
731 1093 817 1157 pone
842 1075 1025 1156 exemplum
1052 1075 1186 1157 aetatis,
1216 1079 1254 1140 ut
1284 1075 1320 1141 in
1337 1075 1476 1159 juniore

268 1180 492 1261 delinquente
514 1198 574 1262 per
597 1180 736 1263 culpam,
760 1181 795 1246 ct
816 1179 853 1246 in
874 1197 966 1263 sene,
997 1180 1052 1258 qui
1074 1179 1183 1245 levius
1206 1178 1346 1260 punitur
1373 1197 1475 1258 quam

267 1284 417 1367 jnvenis.
440 1284 487 1350 Et
510 1283 641 1366 dicitur,
664 1283 693 1349 si
716 1284 791 1350 dolo
814 1282 1085 1363 derelinquerint.
1109 1283 1155 1348 Et
1177 1280 1312 1348 tnnc‘si
1326 1281 1477 1349 civiliter

275 1377 397 1472 agitur,
420 1387 588 1472 subvenit,
603 1390 661 1454 sed
679 1387 707 1454 si
722 1387 837 1472 agitur
853 1386 1072 1454 criminaliter
1095 1391 1130 1452 et
1152 1392 1206 1453 est
1228 1392 1328 1454 atrox
1350 1386 1475 1471 injuria

274 1499 356 1559 tunc
379 1512 445 1560 non
469 1491 635 1574 subvenit,
657 1491 722 1558 nisi
745 1496 911 1571 quatenus
934 1491 1104 1558 miseratio
1128 1489 1253 1556 aetatis
1277 1492 1476 1573 perduxerit

266 1599 417 1682 judicem
440 1599 482 1663 ad
503 1595 668 1663 mitiorem
684 1614 834 1678 poenam,
848 1599 908 1660 aut
921 1595 1129 1673 atrociorem,
1145 1600 1204 1660 aut
1220 1595 1475 1662 atrocissimam.

378 1702 491 1768 Judox
513 1703 694 1767 secundum
716 1701 864 1784 allegata
880 1699 1054 1783 jndicabit.

378 1806 419 1874 In
442 1805 638 1888 poenalibus
669 1804 778 1870 causis
807 1803 985 1886 benignius
1015 1805 1304 1885 interpretandum
1335 1809 1396 1884 est,
1423 1822 1475 1869 ex.

270 1931 339 1994 gn:
356 1909 392 1976 Si
404 1912 468 1976 duo
480 1909 612 1994 judices
628 1907 798 1991 ordinarii,
814 1926 899 1975 unus
916 1908 1138 1990 deprimendo,
1154 1907 1241 1973 alter
1257 1907 1476 1988 absolvendo,

274 2015 416 2081 tulerint
438 2013 650 2092 sententiam,
673 2012 940 2092 interpretantur
956 2011 1197 2078 absolutionem
1218 2011 1326 2094 magis
1349 2013 1475 2078 valere.

380 2136 416 2203 Si
433 2138 538 2221 judex
561 2133 818 2217 condempnabit
836 2139 1029 2199 accusatum
1045 2135 1086 2198 de
1101 2133 1135 2199 ri
1151 2132 1251 2216 facta,
1267 2132 1474 2225 intelligitur

270 2243 317 2306 de
341 2241 484 2324 privata,
507 2240 600 2326 (quia
622 2240 657 2306 in
681 2239 796 2321 poenis
818 2237 969 2304 mitiores
991 2255 1067 2303 esse
1088 2238 1270 2322 debemus).

379 2363 522 2428 Factum
536 2380 598 2442 per·
609 2361 765 2446 judicem,
786 2362 874 2441 qnod
897 2362 939 2426 ad
962 2361 1035 2445 ejus
1058 2358 1200 2425 officium
1224 2378 1290 2425 non
1313 2359 1475 2442 pertinet,

274 2479 386 2532 ratum
409 2471 473 2532 non
498 2472 559 2532 est.

379 2588 420 2654 In
444 2587 742 2670 condempnatione
765 2604 990 2667 personarum,
1014 2603 1100 2665 quae
1123 2584 1157 2650 in
1180 2585 1222 2667 id,
1246 2587 1332 2664 quod
1357 2587 1473 2652 lacere

276 2698 423 2775 possunt,
456 2695 689 2776 dampnantur,
718 2711 784 2758 non
813 2709 907 2756 omne
931 2691 1018 2770 quod
1042 2691 1176 2771 habent,
1208 2691 1472 2770 extorquendum

267 2805 337 2882 est,
362 2799 420 2864 sed
443 2796 588 2878 ipsorum
611 2794 698 2864 ratio
721 2796 796 2863 ideo
819 2795 973 2862 habenda
996 2796 1058 2876 est,
1081 2811 1124 2859 ne
1148 2799 1278 2876 egeant.

379 2921 425 2986 Et
441 2920 574 3000 quidam
589 2918 782 3002 intelligunt
797 2918 885 2983 hano
900 2917 1008 3000 legem
1025 2920 1060 2982 et
1074 2915 1151 2981 filiis
1168 2921 1203 2981 et
1219 2917 1260 2981 de
1273 2916 1471 2995 parentibus

269 3032 309 3091 et
332 3026 482 3107 patronis
512 3031 547 3090 et
569 3023 702 3106 ceteris,
734 3023 854 3102 quibus
883 3023 1041 3086 alimenta
1073 3024 1239 3102 coguntur
1267 3038 1397 3100 parare,
1430 3023 1470 3084 nt

273 3130 323 3196 illi
350 3129 519 3195 debitores
550 3128 644 3194 nobis
674 3128 722 3193 sio
753 3128 1046 3207 condempnentur.
1076 3123 1142 3188 Sed
1173 3123 1231 3188 alii
1261 3123 1471 3206 intelligunt,

267 3235 352 3312 quia
364 3236 597 3314 dampnantur,
608 3232 643 3298 in
655 3233 814 3310 quantum
827 3230 939 3296 facere
956 3234 1094 3310 possunt
1110 3226 1283 3314 (subaudiz
1301 3231 1468 3294 commode

267 3344 309 3404 et
339 3335 505 3423 honeste),
536 3354 597 3402 nec
628 3336 712 3401 enirn
744 3335 878 3403 videtur
906 3335 980 3400 fieri
1011 3352 1118 3415 posse,
1148 3335 1235 3412 quod
1265 3350 1331 3398 non
1354 3340 1466 3414 potest

273 3442 349 3509 fieri
372 3443 523 3509 honeste.

379 3563 443 3646 qn
464 3566 603 3629 uetante
622 3561 735 3646 judice
759 3561 872 3642 sentit,
901 3560 956 3625 hic
986 3561 1148 3625 adversus
1176 3560 1322 3625 edictum
1341 3559 1470 3641 judicis

272 3669 395 3736 1111111
419 3667 552 3749 proprie
576 3667 709 3734 dicitur.
731 3667 771 3732 In
794 3665 943 3732 omnibus
977 3664 1088 3730 causis
1120 3663 1271 3744 proiecto
1304 3662 1470 3744 accipitur

275 3777 319 3857 id,
349 3773 385 3838 in
415 3791 479 3853 quo
510 3771 651 3851 quisque
674 3770 775 3836 alium
807 3769 1043 3850 perhorrescit,
1074 3767 1245 3846 quominus
1274 3766 1351 3848 fiat3
1382 3770 1469 3833 unde

275 3878 304 3944 si
327 3878 464 3960 promisi
487 3883 579 3943 stare
601 3874 667 3959 juri
698 3877 758 3940 sub
790 3878 906 3955 poena,
938 3884 973 3941 et
1000 3872 1189 3955 prohibitus
1220 3870 1267 3937 fni
1299 3889 1320 3936 a
1346 3871 1468 3954 iudice,

268 3985 363 4049 :idem
386 3987 447 4064 est,
472 3980 564 4046 acsi
587 3977 767 4045 stetissem.
787 3978 834 4044 Et
855 3977 944 4042 idem
972 3980 1034 4058 est,
1063 3973 1092 4040 si
1116 3976 1158 4040 ab
1182 3975 1387 4056 adversario,
1410 3977 1469 4041 sed

272 4105 383 4166 secus,
406 4086 435 4151 si
458 4086 500 4151 ab
520 4085 691 4149 extraneo.

380 4205 444 4292 Qui
452 4203 679 4290 jussujndicis
692 4203 818 4284 aliquid
830 4201 920 4283 fecit,
937 4219 1002 4268 non
1014 4201 1149 4268 videtur
1162 4199 1235 4264 dolo
1247 4197 1360 4264 iacere
1376 4199 1469 4281 malo,

267 4306 859 4395 1111111111111111111111.Ε1
887 4303 1065 4388 distingue,
1096 4309 1133 4369 ut
1159 4302 1264 4383 juder
1294 4303 1469 4385 praecepit
