3275 5009
1367 331 1702 384 Brunenses
2632 342 2732 393 161

326 551 464 599 una
511 552 654 630 cum
702 553 779 603 eo
843 537 1435 618 dampnificentur:
1480 559 1603 623 per
1636 560 1807 633 quos
1852 542 1923 609 in
1970 562 2235 612 causam
2270 539 2543 614 'tractus
2592 548 2735 632 ejus

321 639 674 718 responsio
721 646 828 706 est
892 642 1310 709 admittenda
1370 650 1442 711 et
1501 649 1862 714 secundum
1926 649 2069 732 ejus
2122 651 2618 732 responsionem
2664 658 2736 719 et

323 741 540 823 partis
557 744 902 811 adversae
939 747 1412 826 querimoniam
1436 754 1544 816 est
1567 749 1926 817 diffinitiva
1951 754 2287 819 sententia
2310 754 2730 837 proferenda.

323 844 418 909 Et
466 850 572 912 est
616 847 817 913 valde
875 854 1078 918 caute
1126 852 1308 918 circa
1353 854 1528 920 hunc
1574 873 1801 921 casum
1821 859 2356 941 —procedendum3
2389 860 2733 926 consilium

325 949 502 1015 enim
527 951 932 1038 juratorum,
965 958 1137 1035 quod
1166 957 1345 1025 dicto
1371 958 1620 1026 homini
1642 968 2106 1047 porrexerunt,
2134 981 2267 1029 non
2289 965 2733 1032 necessitavit

322 1053 574 1134 ipsum3
621 1072 744 1136 per
795 1059 1389 1139 proclamationem
1437 1062 1628 1144 enim,
1678 1083 1871 1144 quam
1908 1064 2124 1147 jurati
2152 1069 2553 1136 consulendo
2584 1071 2731 1136 fieri

321 1155 387 1222 ei
431 1156 796 1243 faciebant,
840 1163 1233 1244 saepissime
1259 1167 1432 1250 justi
1461 1168 1762 1235 homines
1794 1175 1867 1234 et
1893 1170 2304 1256 innocentes,
2334 1172 2449 1254 qui
2478 1173 2729 1240 nullum

320 1261 688 1346 laeserunt,
767 1283 851 1330 ex
920 1272 1117 1349 parte
1154 1271 1649 1356 maleficorum,
1718 1273 1831 1354 qui
1898 1276 1980 1340 de
2045 1275 2173 1342 hoc
2230 1275 2462 1342 confisi
2513 1277 2727 1344 minas

320 1364 639 1463 incendii·
665 1367 769 1434 eis
825 1370 1162 1440 incutiunt
1210 1377 1279 1441 et
1325 1374 1522 1442 etiam
1571 1376 1965 1458 frequenter
2010 1383 2168 1444 actu
2212 1379 2578 1447 incendunt
2606 1399 2729 1448 seu

320 1479 642 1555 cremant,
674 1473 832 1539 suis
879 1477 1181 1556 pecuniis
1229 1485 1390 1546 sunt
1417 1481 1731 1547 fraudati.
1761 1483 1955 1549 Unde
1984 1482 2147 1548 licet
2179 1486 2264 1549 ad
2295 1489 2726 1567 praeceptum

307 1572 688 1654 jnratorum
754 1577 949 1646 homo
1011 1587 1198 1649 stare
1260 1589 1596 1669 teneatur,
1654 1588 1740 1651 ad
1803 1604 2026 1652 eorum
2096 1589 2440 1655 consilium
2484 1592 2726 1674 tamen,

317 1677 678 1759 praecipue
739 1681 808 1746 in
856 1684 1097 1764 quibus
1145 1688 1260 1754 alii
1306 1689 1406 1754 ita
1453 1690 1817 1756 salubriter
1883 1690 2105 1758 sciunt
2152 1693 2502 1761 consulere
2547 1694 2729 1760 sicut

315 1797 468 1880 ipsi,
512 1805 590 1865 ut
645 1791 1249 1876 acciderepotest
1315 1794 1386 1860 in
1455 1813 1616 1861 casu
1684 1795 2123 1883 praescripto,
2190 1814 2323 1863 non
2388 1797 2731 1882 obligatur

316 1901 582 1986 aliquis,
629 1901 762 1968 nisi
813 1898 998 1968 velit.

288 2104 292 2107 Α
525 2043 673 2110 386.
734 2043 835 2105 De
883 2040 1173 2104 incendii
1229 2039 1426 2101 minis
1491 2047 1802 2122 quantum
1848 2040 1936 2102 ad
1960 2038 2463 2124 fidejussionem.
2525 2040 2725 2108 Licet

314 2164 436 2226 pro
483 2146 799 2213 incendio
865 2144 1256 2227 praeterito,
1313 2144 1503 2227 cujus
1571 2144 1923 2225 dampnum
1984 2149 2241 2212 certum
2288 2149 2411 2224 est,
2479 2145 2723 2226 aliquis

311 2249 680 2333 fidejubere
737 2251 986 2333 possit:
1034 2254 1260 2314 tamen
1304 2265 1425 2330 pro
1472 2247 1669 2314 minis
1716 2248 2009 2316 incendii
2056 2267 2176 2316 seu
2236 2268 2355 2332 pro
2413 2249 2722 2316 incendio

305 2351 556 2437 futuro,
607 2355 801 2438 cujus
853 2356 1205 2435 dampnum
1254 2370 1385 2419 non
1434 2357 1540 2418 est
1586 2358 1844 2419 certum
1892 2372 2279 2435 expressum
2326 2371 2450 2420 nec
2495 2355 2722 2422 taxari

310 2462 556 2541 potest,
610 2477 744 2525 non
789 2456 1040 2524 sufficit
1071 2456 1332 2541 aliquis,
1365 2476 1824 2541 quamcunque
1856 2459 2063 2542 diveS,
2094 2460 2180 2523 ad
2212 2457 2722 2540 fiderbendum.

520 2596 674 2662 387.
729 2595 832 2659 De
878 2594 1172 2657 incendio
1219 2603 1280 2656 et
1325 2598 1463 2678 ejus
1509 2593 1849 2660 solutione.
1892 2595 1964 2662 Si
2010 2597 2186 2680 ignis
2229 2615 2392 2663 casu
2420 2597 2719 2684 fortuite,

309 2717 443 2765 non
491 2718 582 2766 ex
633 2699 813 2766 scitu
883 2701 952 2766 et
1002 2697 1440 2782 negligentia,
1505 2697 1640 2768 vid.
1708 2699 1863 2780 quia
1928 2698 2145 2783 ipsum
2212 2718 2343 2767 non
2410 2702 2720 2787 extinxit,

312 2805 465 2870 dum
517 2806 692 2870 bene
740 2800 984 2886 potuit,
1031 2801 1100 2867 in
1132 2803 1322 2867 domo
1354 2801 1829 2884 cujuscumque
1863 2808 2136 2870 exortus
2167 2805 2400 2871 fuerit:
2442 2811 2719 2888 propter

308 2908 432 2975 hoc
480 2910 569 2974 ad
617 2908 1019 2975 solutionem
1066 2907 1498 2988 dampnorum
1543 2926 1702 2996 reus
1735 2906 1817 2974 ex
1849 2908 2003 2992 igne
2033 2909 2155 2974 tali
2189 2909 2715 2992 contingentium

309 3013 696 3079 nullatenus
745 3013 1098 3094 obligatur.

517 3151 664 3219 358.
721 3151 825 3213 De
875 3149 1170 3212 incendio
1219 3172 1301 3213 eoe
1344 3148 1737 3236 neylv'yentia
1766 3151 1962 3232 facto
2002 3173 2127 3235 per
2162 3151 2456 3237 aliquem.
2501 3153 2717 3232 Actor

311 3259 717 3343 conquestus
772 3259 879 3321 est
929 3256 1012 3321 de
1056 3272 1190 3337 re0‚
1252 3255 1428 3335 quod
1484 3253 1554 3320 in
1600 3246 1766 3338 eJus‘
1799 3257 2109 3323 absentia
2166 3276 2289 3341 per
2354 3257 2711 3334 stultitiam

305 3364 372 3424 et
417 3359 909 3444 negligentiam
959 3357 1186 3424 uxoris
1257 3363 1327 3424 et
1394 3359 1679 3425 ancillae
1744 3378 1908 3427 suae
1965 3361 2120 3445 igne
2177 3361 2250 3428 in
2306 3364 2496 3429 domo
2566 3360 2713 3444 eJus

305 3468 557 3547 exort0,
603 3463 673 3545 in
726 3468 878 3530 octo
934 3463 1170 3529 modiis
1217 3463 1508 3547 siliginis
1553 3466 1906 3547 dampnum
1974 3466 2292 3550 percepit,
2341 3467 2422 3531 in
2468 3466 2712 3546 quibus

306 3567 431 3634 sibi
477 3567 884 3634 satisfacere
925 3567 1100 3649 petit
1123 3567 1392 3651 justitia
1424 3568 1779 3643 mediante.
1822 3569 2005 3636 Reus
2036 3588 2197 3637 vero
2231 3569 2514 3653 quaerit,
2561 3588 2709 3637 cum

307 3688 385 3736 ex
428 3671 657 3740 verbis
711 3670 989 3753 actoriS‚
1036 3671 1151 3750 qui
1198 3689 1347 3737 eum
1396 3671 1568 3737 dixit
1633 3672 1983 3739 absentem
2040 3673 2268 3758 fuisse,
2323 3674 2561 3741 merito
2616 3674 2711 3740 sit

309 3773 625 3856 immunis,
696 3779 922 3841 utrum
969 3792 1089 3856 pro
1135 3792 1344 3842 uxore
1389 3776 1499 3844 vel
1544 3775 1791 3842 ancilla
1836 3782 2151 3844 teneatur
2194 3781 2602 3861 respondere
2635 3783 2709 3844 et

308 3878 372 3944 in
419 3898 624 3946 causa
674 3879 1045 3960 praecipue
1086 3878 1433 3945 criminali.
1467 3881 1682 3962 Super
1714 3901 1838 3962 quo
1872 3885 2479 3964 respondetur:
2516 3882 2706 3967 Quod

309 4000 416 4048 reo
462 4002 593 4049 non
643 3987 750 4049 est
802 3983 1262 4050 necessarium
1308 3988 1736 4070 respondere,
1782 3989 1904 4054 sed
1948 4006 2115 4069 pure
2146 3987 2617 4071 voluntarium,
2646 3988 2706 4054 si

308 4085 554 4168 placei-,3
631 4088 790 4153 dato
863 4087 1085 4171 etiam,
1155 4090 1328 4167 quod
1396 4090 1803 4181 respondeat
1870 4091 2104 4176 acto-ri,
2139 4081 2520 4172 ‘dampnum
2572 4109 2706 4156 non

309 4191 644 4259 resarciet.
719 4191 932 4259 Casus
999 4191 1174 4259 enim
1237 4191 1521 4276 fortuiti,
1583 4193 1762 4261 sicut
1822 4195 2218 4280 incendium,
2283 4194 2705 4262 homicidium

305 4296 370 4357 et
414 4295 815 4380 consimiles,
872 4298 1026 4361 dum
1075 4301 1299 4361 tamen
1346 4297 1565 4363 dolum
1613 4316 1744 4364 non
1786 4299 2195 4383 contineant,
2228 4300 2422 4382 culpa
2453 4304 2704 4366 carent.

405 4428 551 4472 Codex
573 4431 658 4481 jur.
689 4432 790 4473 boh.
818 4432 872 4471 11.
900 4437 954 4496 4²,
2424 4421 2486 4472 ll
