3275 5009
711 351 878 405 Brunenses.

390 558 638 642 Capitulum
661 559 721 625 H.:
744 559 804 625 De
828 560 1191 627 accusationibus

301 701 354 762 52.
377 698 427 761 Da
451 698 714 761 accusationibus
738 702 910 762 criminum
933 701 969 762 ia
988 720 1109 785 qaaere.
1140 701 1244 768 Nemo
1267 701 1394 770 invitus

190 806 299 885 agere
311 804 366 869 vel
377 820 537 870 accusare
551 804 626 887 cogi
638 804 748 886 debet,
760 803 826 869 uisi
838 804 1025 887 incoeperit
1037 822 1197 872 accusare
1211 806 1266 871 vel
1282 824 1396 888 agere.

192 906 263 990 Qui
285 904 387 973 etiam
409 896 588 973 accusatur
610 910 651 973 de
676 908 813 974 crimine
836 910 877 974 ab
902 925 966 974 uno
988 913 1195 991 accusatore,
1210 911 1251 975 ab
1269 909 1334 975 alio
1351 912 1393 977 de

189 1012 311 1076 eodem
334 1011 474 1077 crimine
497 1011 651 1077 accusari
673 1029 739 1078 non
761 1018 883 1093 potest.
907 1014 1032 1079 'lamen
1056 1014 1084 1079 si
1107 1031 1148 1079 ex
1172 1014 1286 1079 eodem
1301 1014 1392 1081 iacto

190 1115 291 1197 plura
314 1116 452 1182 crimina
475 1121 671 1198 nascuntur,
701 1123 782 1181 tunc
806 1135 867 1200 per
890 1135 990 1182 unum
1021 1118 1063 1183 de
1094 1135 1158 1182 uuo
1189 1117 1326 1184 crimine
1358 1125 1395 1183 et

192 1236 255 1299 per
277 1218 377 1284 ulium
400 1221 442 1285 de
464 1220 530 1286 alio
554 1220 692 1287 crimine
715 1239 782 1287 non
804 1220 1002 1303 prohibetur
1024 1220 1146 1301 aliquis
1170 1222 1332 1287 accusari.

300 1375 421 1441 53.Ἀά
436 1376 531 1456 idem,
548 1386 702 1460 pacatum
717 1379 762 1441 ud
777 1387 903 1460 tempas
916 1378 1100 1443 accusandi.
1117 1376 1393 1443 Mortificationes

192 1484 229 1545 et
251 1484 367 1546 reatus
390 1479 587 1563 consimiles
604 1480 633 1546 si
649 1481 682 1546 in
700 1480 806 1548 medio
822 1479 1042 1546 habitationis
1057 1481 1223 1547 homiuum
1242 1485 1393 1562 tempore

190 1584 309 1650 diurno
333 1585 423 1672 fiant,
446 1590 524 1652 sunt
549 1604 608 1667 per
628 1594 776 1652 actorem
790 1583 879 1651 inira
897 1585 1042 1652 triduum
1057 1587 1100 1650 ad
1115 1585 1236 1669 judicis
1253 1585 1389 1653 audien-

192 1687 275 1753 tiam
292 1707 352 1768 per
367 1687 603 1769 querimoniam
620 1688 803 1757 deferendi.
820 1688 983 1756 stantem
999 1690 1033 1755 in
1051 1688 1175 1771 campis
1192 1695 1227 1755 ct
1242 1695 1392 1771 tempore

192 1798 358 1859 nocturno
374 1794 583 1877 contingant,
598 1792 762 1860 terminus
778 1793 861 1859 dicti
876 1793 980 1860 tridui
997 1798 1109 1874 potest
1125 1794 1242 1877 actori,
1255 1794 1281 1859 si
1297 1794 1393 1875 petit,

193 1914 254 1978 per
274 1898 406 1980 juratos
429 1898 678 1964 rationabiliter
701 1898 901 1981 prolongari.

298 2045 349 2106 54.
370 2046 419 2106 Da
434 2048 641 2107 accuratione
657 2044 817 2109 cavalarii
833 2048 875 2127 (et
879 2045 1140 2128 fornicatiouis).
1157 2045 1264 2109 Homo
1277 2050 1389 2110 extra·

192 2165 277 2213 neus
301 2148 472 2214 mulierem
491 2148 557 2214 sibi
573 2147 738 2232 sanguine
752 2166 819 2214 non
836 2148 1044 2232 conjunctum
1062 2166 1223 2215 accusare
1239 2150 1281 2213 de
1297 2150 1390 2214 adul·

189 2250 288 2334 teria,
311 2252 461 2331 quamvis
486 2254 548 2318 hoc
571 2253 718 2319 testibus
735 2256 878 2335 probare
894 2263 928 2319 et
945 2255 1174 2319 demonstrare
1191 2253 1308 2335 possit,
1323 2271 1390 2318 non
1447 2328 1450 2331 ,

191 2359 322 2437 potest;
336 2358 393 2421 sed
407 2356 485 2436 quia
500 2358 534 2422 id
550 2356 640 2439 fecit,
656 2359 743 2438 quod
760 2359 832 2441 ejus
848 2375 913 2423 non
925 2356 1088 2439 interfuit,
1101 2355 1343 2424 correctionem
1355 2362 1392 2424 et

191 2462 363 2526 emendam
386 2462 550 2546 ajuratis
569 2463 668 2546 juxta
695 2480 807 2527 eorum
838 2461 1076 2528 conscientiam
1107 2460 1172 2527 sibi
1202 2460 1390 2543 impositam

191 2565 311 2630 merito
334 2565 524 2633 sustinebit.
548 2565 594 2630 Et
616 2566 695 2647 quia
719 2566 818 2632 etiam
843 2566 1019 2649 illegitima
1051 2570 1085 2631 et
1108 2565 1288 2630 temeraria
1310 2563 1390 2631 talis

192 2668 365 2754 accusatio
389 2675 452 2752 est,
471 2665 618 2754 judicem
641 2689 706 2738 non
729 2671 885 2751 movebit,
915 2689 977 2737 nec
1001 2675 1179 2736 accusatus
1205 2668 1306 2734 etiam
1330 2687 1392 2750 per

192 2792 266 2839 eum
292 2773 462 2857 fatigetur.
489 2774 634 2840 Maritus
664 2780 774 2840 autem
805 2774 919 2841 uxoris
950 2792 1111 2841 accusare
1141 2775 1183 2839 de
1213 2774 1276 2839 tali
1307 2773 1389 2837 vitio
1437 2836 1439 2841 ,
1517 2775 1519 2781 ’

192 2895 327 2943 uxorem
362 2882 477 2959 potest
509 2896 569 2959 per
599 2898 644 2960 se,
674 2897 740 2944 non
769 2897 840 2960 par·
860 2884 1118 2960 procuratorem.
1147 2877 1258 2942 Vicini
1288 2878 1389 2943 etiarn

189 2978 284 3047 illam
308 3000 468 3048 accusare
493 2988 641 3067 possunt,
665 3002 706 3048 ue
730 2983 911 3049 videantur
934 2982 996 3047 tali
1018 2981 1101 3049 vitio
1126 2981 1326 3047 consentire.

296 3139 350 3201 55.
381 3138 432 3203 Da
463 3139 670 3201 accusatione
703 3140 891 3203 serrteata'ati
924 3140 967 3201 ad
1000 3146 1142 3201 mortem.
1181 3136 1388 3205 Sententiati
1452 3134 1453 3141 ἵ

190 3243 233 3309 ad
256 3247 395 3309 mortem
418 3243 590 3311 accusatio
617 3262 682 3310 nou
704 3244 799 3327 ligat,
830 3262 891 3309 nec
915 3244 1012 3310 fidem
1043 3241 1134 3322 iacit,
1166 3243 1227 3307 sed
1256 3246 1388 3309 tantum

190 3347 429 3424 vehementem,
454 3366 496 3412 ex
519 3366 584 3428 qua
607 3367 673 3413 non
697 3350 897 3429 dampnatur
918 3352 1106 3428 accusatus,
1126 3351 1269 3429 generat
1291 3364 1387 3428 prae·

191 3450 421 3531 sumptionem.

170 3634 172 3638 .
296 3554 343 3621 Et
387 3555 543 3622 similiter
587 3555 841 3639 intelligendum
887 3560 940 3620 est
978 3557 1019 3621 de
1057 3555 1205 3621 malefico
1244 3555 1277 3621 in
1316 3555 1386 3623 vin·

191 3658 274 3723 culis
309 3660 456 3741 detento,
487 3659 516 3724 si
551 3660 693 3740 aliquem
729 3667 808 3724 ante
847 3660 1048 3724 seutentiam
1086 3660 1188 3724 latam
1228 3659 1388 3739 denigrat

191 3762 244 3827 vel
276 3766 424 3828 accusat.

295 3904 345 3966 56.
369 3898 444 3965 Cam
469 3904 633 3965 accusatio
657 3902 695 3967 de
716 3900 851 3988 oolleyet
873 3904 919 3964 eit
931 3900 1101 3985 facienda.
1125 3899 1219 3967 Infra
1236 3901 1383 3967 triduum

190 4006 386 4074 vulneratus
426 4008 527 4072 debet
567 4024 727 4073 accusare
764 4024 857 4073 reum
896 4024 954 4086 pro
992 4005 1146 4087 volleyst,
1192 4006 1270 4086 quia
1308 4009 1386 4087 post

99 4178 103 4187 ,
190 4108 336 4175 triduum
382 4110 545 4176 nemiuem
586 4128 747 4177 accusare
791 4110 926 4193 poterit,
970 4109 1036 4175 nisi
1081 4109 1229 4192 legitime
1282 4110 1410 4202 impe·x

192 4212 280 4278 ditus
303 4214 365 4294 sit3
389 4215 479 4280 sicut
506 4215 537 4280 si
566 4221 676 4279 mutus
706 4220 806 4292 essct,
841 4234 900 4280 seu
935 4214 1136 4295 protestatio
1172 4214 1385 4280 rationabilis

190 4317 390 4399 interposita
420 4325 519 4396 esset,
554 4324 634 4384 tunc
667 4319 829 4385 terminus
865 4318 969 4385 tridui
1003 4318 1121 4384 merite
1154 4320 1383 4400 prolongatur.
