3275 5009
757 340 920 431 addenda:¹

557 546 631 629 cop.
654 547 681 612 I
683 546 715 611 V.
725 568 735 611 .·
762 547 814 612 Do
836 546 1114 630 appellationibus,

713 670 799 735 Aulo
823 675 882 735 orl.
903 670 953 734 68.

333 795 366 862 8.
403 793 509 877 Quum
545 796 586 859 de
620 790 846 875 appellatione
881 793 1102 875 cognoscitur,
1137 793 1315 857 secundum
1349 789 1426 854 illos

230 900 323 981 leges
342 896 488 979 judicari
511 898 620 979 debet,
644 914 730 976 quae
754 901 904 978 tempore
927 898 1029 963 datae
1044 896 1142 962 finem
1160 894 1343 975 obtineant,
1360 910 1426 959 non

230 1005 408 1069 secundum
431 1002 515 1082 illas,
539 1019 624 1081 quae
648 1008 768 1082 posteo
790 1001 1022 1083 promulgatae
1040 1005 1128 1067 sunt.
1151 999 1198 1065 Et
1214 1000 1297 1065 haec
1312 998 1366 1063 lex
1383 999 1426 1062 ad

229 1107 295 1173 alia
319 1109 415 1189 plura
438 1111 683 1185 consequenter
705 1104 795 1169 trahi
816 1112 936 1187 potest,
959 1104 1024 1171 nisi
1040 1104 1234 1186 specialiter
1250 1108 1424 1169 caveatur.

571 1236 573 1240 ’
701 1261 778 1326 roc
800 1266 860 1326 ooo.
883 1260 955 1325 ros.

331 1387 364 1452 9.
410 1384 468 1450 De
506 1383 806 1450 arrestatione
854 1402 1062 1466 equorum,
1108 1384 1217 1462 quod
1262 1384 1426 1448 bobeta

229 1489 387 1554 debent
410 1488 604 1553 restitui.
627 1490 698 1555 Das
723 1488 769 1555 ist
792 1490 847 1555 hie
871 1487 1007 1573 geteilt:
1034 1488 1113 1555 Wer
1133 1490 1206 1553 dem
1223 1489 1351 1553 andern
1370 1486 1426 1550 cin

230 1611 295 1672 ros,
322 1596 383 1658 das
407 1612 444 1659 er
473 1594 516 1659 im
548 1594 735 1676 vortangcn
766 1594 835 1675 hat,
863 1594 1040 1674 1111111111,
1074 1596 1132 1659 der
1166 1612 1241 1675 mag
1265 1592 1299 1658 di
1322 1609 1426 1673 eysen

230 1716 258 1762 u
284 1699 348 1763 den
371 1716 495 1763 czawm
519 1716 579 1763 ctu
603 1699 793 1764 demselben
815 1717 871 1764 ros
894 1698 990 1763 nicht
1012 1698 1172 1779 helenen,
1200 1699 1324 1763 sunder
1352 1696 1426 1779 iagt

230 1820 266 1865 es
296 1800 392 1881 jener
424 1802 628 1886 hernkegem
659 1822 734 1869 man
768 1804 894 1884 solym
928 1805 991 1867 den
1024 1821 1148 1868 czawm
1180 1802 1284 1867 wider
1317 1803 1427 1884 geben

229 1907 295 1970 und
328 1907 418 1970 auch
449 1906 481 1974 di
510 1926 612 1988 eysen
646 1926 709 1972 von
739 1909 833 1973 deme
865 1926 919 1972 ros
953 1906 1100 1988 prochen
1131 1926 1160 1971 u.
1191 1906 1235 1972 im
1266 1907 1309 1989 dy
1340 1906 1426 1970 auch

228 2008 334 2075 wider
357 2013 472 2093 geben.
497 2011 572 2094 (Igl.
597 2012 663 2095 92)

332 2152 391 2216 1n
422 2150 480 2215 Do
518 2150 778 2216 venditione
816 2169 1024 2229 equorum.
1066 2150 1146 2216 Wer
1184 2152 1257 2214 dem
1295 2151 1425 2215 andern

227 2252 393 2335 irkennet‚
417 2256 477 2320 das
502 2274 538 2319 er
560 2273 614 2336 pm
638 2255 692 2319 ein
715 2274 770 2320 ros
794 2256 858 2320 hab
882 2253 1049 2336 vorkaust‚
1082 2256 1142 2319 der
1163 2272 1235 2320 mus
1264 2272 1317 2337 ym
1348 2255 1424 2318 das-

227 2356 319 2422 selbe
342 2376 397 2422 ros
420 2357 547 2440 freyen,
570 2359 620 2424 als
642 2360 721 2425 land
744 2361 841 2425 recht
864 2360 918 2425 ist.

332 2462 373 2527 It.
399 2462 479 2526 Was
503 2482 595 2528 rosso
619 2468 782 2546 geraubet
803 2467 939 2531 werden
962 2463 1022 2529 oui
1049 2467 1109 2530 der
1141 2464 1234 2529 veint
1268 2468 1337 2545 gut,
1370 2480 1422 2528 wo

228 2566 288 2630 der
309 2565 415 2648 konig
437 2569 519 2632 ader
541 2568 613 2633 sein
636 2569 759 2651 gewalt
788 2569 849 2634 mit
876 2570 971 2634 ofner
1004 2587 1110 2650 panyr
1143 2587 1205 2633 czu
1239 2567 1309 2632 velt
1343 2568 1422 2651 leyt,

228 2670 288 2734 der
311 2688 386 2753 mag
409 2689 484 2736 mon
507 2672 601 2737 nicht
624 2692 684 2737 czu
707 2675 802 2739 recht
826 2674 1030 2756 angevahen.
1058 2676 1124 2756 (93,
1149 2671 1214 2757 94.)

331 2811 385 2876 11.
418 2809 474 2874 De
508 2829 708 2891 equorum
740 2812 1053 2879 arrestatione.
1090 2811 1338 2878 Sententiatum
1369 2815 1422 2874 est

226 2914 295 2979 hic:
329 2913 365 2979 Si
399 2914 521 2979 homini
554 2923 745 2981 arrestatur
778 2935 884 2996 equus
919 2917 1039 2997 aliquis
1071 2936 1131 2999 per
1161 2917 1261 2982 alium
1283 2922 1318 2981 et
1341 2915 1422 2981 talis

227 3018 317 3081 dicat
341 3036 377 3082 se
401 3036 520 3097 equum
544 3019 635 3085 illum
659 3020 692 3085 in
716 3021 847 3101 publico
871 3021 941 3087 foro
967 3022 1095 3102 emisse,
1118 3020 1270 3102 obligans
1295 3038 1331 3084 se
1347 3038 1422 3100 pro·

224 3123 376 3186 buturum
398 3140 457 3202 per
479 3129 585 3189 testes
609 3125 767 3190 honestos
791 3125 898 3191 dictos
920 3126 954 3190 in
972 3125 1101 3208 vulgari
1120 3123 1420 3207 ‚.leytkawflewte“

227 3226 424 3305 emptionem
449 3230 601 3292 eandem:
625 3247 685 3309 per
708 3229 933 3294 testimonium
957 3230 1025 3293 1111
1053 3234 1184 3293 tontum
1216 3228 1319 3293 vitam
1344 3246 1421 3293 con-

226 3335 341 3394 servat
364 3335 399 3395 et
422 3337 534 3396 notam
556 3331 638 3396 furti
661 3332 715 3398 vel
739 3334 836 3414 spolii
860 3334 982 3415 evadit,
1007 3353 1124 3413 equum
1140 3340 1253 3399 tamen
1269 3332 1421 3399 obtinere

225 3451 291 3497 non
314 3441 435 3517 potest,
459 3438 518 3500 scd
541 3439 813 3517 praesentabitur
848 3439 1054 3504 arrestatori.
1091 3438 1295 3521 Quicumque
1331 3437 1421 3503 enim

225 3555 329 3615 equus
352 3539 453 3604 alicui
483 3545 681 3622 1111111111,
712 3541 741 3607 si
763 3542 870 3621 ipsum
902 3543 1053 3609 obtinere
1085 3545 1193 3624 debet,
1222 3546 1355 3621 oportet
1378 3544 1420 3606 de

186 3681 190 3689 .
224 3641 335 3723 rigore
369 3644 466 3727 jurio,
504 3646 590 3722 quod
629 3664 702 3709 eum
743 3646 785 3709 ad
826 3646 934 3719 alium,
974 3646 1030 3725 qui
1068 3646 1253 3728 vulgariter
1295 3646 1421 3711 dicitur

227 3747 384 3829 „schub“‚
407 3749 558 3830 deducat,
582 3750 731 3828 alioquin
754 3768 872 3828 equum
895 3752 1023 3830 perdet.
1048 3749 1149 3834 (120.)

328 3887 776 3953 12..Dearrestatione
793 3889 1249 3967 equorumetaliarum
1268 3906 1420 3973 rerum.

224 3987 260 4052 81
283 3990 356 4067 quis
380 4009 499 4069 equum
522 4010 616 4057 suum
644 3995 735 4073 apud
769 3993 869 4057 alium
902 3992 1085 4059 detinuerit
1114 4013 1188 4059 cum
1214 3995 1299 4076 jure,
1332 3993 1418 4071 quod

224 4092 348 4156 dicitnr
373 4096 558 4175 ‚,anvank“,
577 4097 683 4176 judici
709 4099 831 4161 cedunt
853 4098 995 4180 triginta
1018 4098 1157 4176 denarii,
1172 4096 1329 4179 scriptori
1345 4097 1418 4160 duo.

223 4193 259 4259 Si
281 4201 394 4261 autem
416 4197 473 4263 ille
497 4198 621 4263 dixerit
644 4217 681 4264 se
705 4217 823 4279 equum
846 4202 935 4281 apud
958 4200 1048 4267 illum
1071 4201 1191 4269 emisse
1215 4202 1308 4266 etad
1327 4200 1418 4265 illum

223 4300 297 4364 vult
319 4302 493 4379 deducere,
516 4306 603 4381 quod
627 4304 752 4369 dicitnr
774 4304 807 4368 in
831 4305 962 4387 vulgari
981 4307 1200 4390 „schioung“:
1224 4305 1272 4371 sic
1293 4306 1334 4370 de
1352 4321 1416 4368 nno
