3275 5009
745 327 920 381 introductio

385 491 462 603 III.
487 534 706 606 Sententiae
729 534 970 622 Iglavienses
994 535 1038 617 (p.
1063 533 1262 622 288-7372).

336 674 532 741 Sententiae
544 694 631 742 saec.
644 675 740 740 XIII.
757 679 792 740 et
807 674 897 740 XIV.
916 693 936 739 a
954 670 1095 755 collegio
1105 673 1292 755 Juratorum
1307 671 1427 756 Iglavi·

233 779 359 845 ensium
382 780 473 846 lalae
497 779 618 862 partim
641 784 739 845 erant
758 779 844 862 juris
870 777 1095 859 municipalia
1106 777 1226 859 partim
1239 776 1324 860 Juris
1340 795 1448 852 mons

232 883 311 950 tani.
343 883 537 950 Sententiae
569 883 651 965 iuris
682 882 891 964 municipalis
915 885 948 948 in
972 899 1071 947 unum
1097 881 1242 948 codicem
1259 879 1430 962 congessit

230 986 380 1056 loannes
403 990 444 1054 de
469 987 648 1068 Gumpolcz
671 987 824 1053 notarius
847 987 1049 1069 Iglaviensis
1067 982 1322 1069 (labe-1369).
1346 985 1428 1049 Ocu-

230 1094 345 1156 textus
369 1109 482 1156 earum
505 1090 673 1171 reperitur
696 1088 729 1154 in
754 1089 868 1158 codice
898 1090 1120 1157 bibliothecae
1154 1089 1283 1155 aulicae
1307 1089 1427 1154 Vindo-

231 1195 396 1277 bonensls‚
413 1194 467 1259 cui
484 1195 717 1260 celeberrimus
740 1195 961 1277 Tomaschek‚
978 1192 1076 1275 hujus
1097 1191 1302 1258 collectionis
1320 1192 1429 1258 editor

232 1296 319 1382 (Der
342 1297 493 1364 Oberhof
512 1297 607 1380 Iglau
636 1297 670 1363 iu
703 1298 863 1364 Maehreu
894 1301 962 1364 und
993 1298 1086 1362 seiue
1119 1295 1427 1377 Schtffensprdche.

229 1398 418 1468 Innsbiuck
444 1405 538 1482 lece)
562 1401 683 1467 indidit
706 1403 914 1486 signaturam
938 1401 978 1470 Β.

334 1506 372 1570 In
396 1505 509 1572 codice
532 1506 811 1590 Kuttenbergeno
836 1527 863 1573 a.
891 1512 1107 1573 1401-1420
1130 1506 1268 1587 scripto,
1288 1505 1424 1570 Senten-

229 1607 349 1674 tiarum
373 1609 611 1693 Iglaviensium
635 1629 756 1695 magna
779 1629 859 1693 pars
881 1611 1030 1676 immixta
1052 1615 1107 1676 est
1129 1608 1314 1674 Sententiis
1341 1610 1419 1674 Bru·

229 1713 398 1796 nensibus²
446 1715 582 1780 residua
626 1716 779 1794 sequitur
823 1716 858 1782 in
902 1715 966 1780 fine
1015 1713 1243 1794 manuscripti.
1288 1713 1427 1778 Senten-

228 1816 297 1884 tiae
320 1818 528 1902 lglavIeuses
553 1819 643 1885 latae
667 1826 745 1886 sunt
768 1820 834 1885 illis
861 1819 1056 1887 civitatibus
1089 1823 1123 1883 et
1155 1817 1237 1884 locis
1271 1818 1426 1883 Boemiae

226 1929 327 2001 atque
350 1923 531 2006 Moraviae,
555 1922 673 2002 quibus
705 1923 858 1990 anteibat
888 1923 1009 1990 civitas
1039 1922 1180 2005 Iglavia,
1204 1924 1302 1987 rebus
1332 1939 1419 1986 mon-

228 2027 317 2092 tanis
342 2026 589 2094 celeberrima

291 2215 347 2282 IV.
374 2213 591 2285 Sententiae
609 2215 711 2304 juris
734 2216 1077 2305 Magdebuugeusis
1100 2216 1146 2302 (p.
1170 2214 1367 2306 3'12—384).

331 2355 444 2420 Codex
479 2357 673 2422 monasterii
710 2356 785 2425 olim
821 2359 1036 2442 Zaganeusis,
1071 2375 1158 2423 nuno
1190 2355 1423 2422 universitatis

227 2458 519 2525 Wratislauensis
543 2459 584 2544 (I.
601 2460 637 2543 Q.
655 2461 729 2546 156)
746 2461 835 2528 inter
851 2463 936 2530 alias
952 2462 1110 2529 matemas
1128 2462 1278 2527 eontinet
1302 2460 1423 2525 seriem

227 2563 468 2630 sententiarum
491 2567 669 2630 secuudum
689 2567 746 2649 jus
770 2566 1109 2650 Magdeburgeusium
1141 2565 1269 2644 aliquot
1299 2564 1420 2630 civita-

225 2669 314 2734 tibus
324 2668 478 2734 Boemiae
487 2668 639 2751 latarum,
653 2689 748 2754 quae,
757 2676 952 2756 occuparet,
965 2675 1038 2755 jure
1051 2670 1214 2736 Saxonico
1224 2672 1420 2736 utebantur:

226 2773 392 2849 omnuim,
415 2771 599 2855 Lutomydl,
615 2771 747 2840 Gradec
767 2793 869 2856 super
884 2775 1000 2856 Albae,
1025 2776 1188 2856 Brumow,
1213 2771 1294 2836 Alto
1317 2773 1420 2838 Muta.

226 2876 353 2942 Harum
377 2875 551 2950 civitatum
576 2895 662 2942 saec.
685 2877 776 2944 XIV.
800 2879 834 2943 in
858 2880 929 2961 jure
946 2878 1085 2944 dicendo
1101 2879 1215 2943 urbem
1234 2876 1419 2942 Lutomeri·

227 2997 358 3046 oensem
393 2985 495 3061 caput
517 2979 621 3046 fuisse
646 2987 787 3046 constat.
831 2981 922 3064 Quas
961 2980 1149 3047 sententias
1183 2980 1418 3045 celeberrimus

228 3085 344 3167 Gaupp
368 3083 402 3148 in
425 3083 510 3148 libro
534 3103 609 3150 suo:
633 3085 803 3152 Deutsche
827 3085 1043 3152 Stadtrechte
1060 3087 1119 3149 des
1137 3083 1352 3149 Mittelalters
1376 3083 1419 3148 ΙΙ.

225 3187 651 3273 (Breslau1852)pnimus
683 3190 882 3270 publicitate
913 3189 1059 3256 donavit.
1097 3187 1255 3253 Similium
1286 3194 1419 3254 senten·

223 3293 343 3358 tiaram
360 3290 447 3372 jnris
471 3290 769 3374 Magdeburgensis
793 3298 848 3358 sat
871 3311 991 3376 magna
1014 3293 1110 3372 copia
1133 3312 1152 3357 e
1183 3293 1415 3374 saeculoXV.

223 3401 258 3462 et
279 3395 371 3461 XVI.
395 3412 547 3465 sermone
570 3395 719 3462 boemica
742 3400 864 3462 exstat.
