3275 5009
1363 370 1700 424 Brunenses.
2630 373 2731 427 103

312 577 612 645 Nicolao
677 597 826 644 cum
889 579 1211 646 clenodiis
1275 578 1477 646 etiam
1523 579 1591 645 X
1635 597 1899 646 marcas
1960 599 2057 663 gr.
2118 579 2315 665 Prag.
2377 581 2447 645 in
2505 579 2731 662 pixide

311 683 612 764 speciali
681 682 870 749 clave
938 687 1204 749 serrata
1270 683 1602 766 imposuit,
1677 684 1925 767 locans,
1989 685 2226 750 cistam
2275 685 2555 750 eandem
2600 684 2732 766 ipsi

308 786 609 854 Nicolao
674 790 796 853 sub
862 785 993 854 fide
1055 787 1342 869 depositi
1405 788 1907 855 commendavit.
1972 787 2134 854 Cum
2197 793 2420 854 autem
2485 788 2731 856 Paulus

308 889 741 974 frequenter,
809 910 982 959 nunc
1047 892 1340 973 Nicolao‚
1410 911 1585 958 nunc
1649 910 1811 958 vero
1878 911 2083 960 uxore
2146 911 2268 960 sua
2328 892 2731 969 videntibus,

309 995 581 1061 dictam
608 1014 936 1062 cameram
967 996 1256 1063 intraret
1293 1002 1362 1063 et
1395 1015 1539 1064 cum
1572 995 1897 1081 clavibuS,
1931 1013 2097 1076 quas
2133 1015 2254 1078 per
2283 1015 2357 1063 se
2390 1000 2731 1080 servabat,

309 1099 574 1166 cistam
641 1107 723 1167 et>
780 1101 1067 1182 pixidem
1142 1119 1453 1168 reserans
1530 1101 1875 1183 exciperet
1949 1106 2021 1167 et
2094 1101 2485 1184 imponeret,
2560 1119 2731 1182 quae

308 1203 636 1271 volebat:
683 1205 972 1288 contigit
1018 1204 1166 1272 vice
1213 1207 1513 1289 quadem,
1562 1208 1737 1286 quod
1776 1223 1958 1272 more
1995 1210 2314 1272 consueto
2348 1224 2495 1272 cum
2525 1223 2732 1281 uxore

308 1307 597 1376 Nicolai
643 1314 713 1375 et
757 1311 1041 1390 quodam
1077 1310 1332 1393 juvene
1379 1327 1711 1376 cameram
1758 1328 1880 1391 per
1928 1311 2207 1376 eandem
2268 1309 2396 1376 sibi
2462 1328 2729 1376 uxorem

310 1418 636 1496 apertam
679 1411 940 1479 intrans
988 1418 1057 1479 et
1105 1413 1202 1479 eis
1246 1413 1717 1495 praesentibus
1771 1412 2009 1480 cistam
2040 1431 2226 1480 suam
2259 1432 2629 1498 reserranS,
2662 1413 2733 1480 in

310 1517 576 1600 pixide,
624 1537 818 1599 quam
863 1517 1174 1584 similiter
1217 1536 1415 1583 manu
1462 1519 1736 1601 propria
1782 1537 1929 1584 cum
1975 1519 2185 1595 clave,
2244 1519 2432 1603 cujus
2494 1537 2615 1601 per
2658 1537 2733 1585 se

316 1627 562 1689 custos
628 1621 772 1700 fuit,
848 1622 1159 1705 aperiens
1227 1624 1295 1689 X
1363 1639 1624 1689 marcas
1699 1623 2160 1706 praescriptas
2237 1640 2369 1689 non
2446 1622 2731 1690 invenit.

311 1727 616 1794 Vocavit
659 1744 819 1811 ergo
863 1726 1148 1811 judicem
1181 1731 1251 1792 et
1271 1727 1559 1811 JuratoS,
1593 1727 1707 1808 qui
1741 1747 2070 1794 cameram
2101 1726 2439 1794 intrantes
2474 1727 2729 1805 cistam,

316 1831 626 1914 pixidem
687 1837 758 1897 et
819 1849 1045 1898 earum
1107 1848 1296 1897 seras
1357 1831 1719 1916 diligenter
1779 1833 2141 1914 intuenteS,
2200 1831 2447 1896 nullam
2505 1832 2573 1897 in
2634 1830 2733 1898 eis

318 1939 686 2018 rupturam
728 1936 839 2002 vel
882 1934 1131 2002 factam
1176 1935 1564 2002 violentiam
1618 1938 2039 2013 invenerunt,
2100 1937 2262 2003 licet
2320 1937 2524 2002 etiam
2588 1935 2731 2001 dili-

319 2047 579 2125 genter
625 2059 744 2123 per
789 2041 1068 2125 angulos
1115 2040 1340 2107 dictae
1387 2058 1699 2107 camerae·
1737 2041 1806 2108 in
1848 2058 2069 2108 eorum
2104 2040 2494 2122 praesentia
2527 2058 2729 2121 quae-

320 2145 535 2212 situm
579 2143 838 2227 fuisset,
885 2144 1069 2210 nulla
1115 2151 1340 2211 tamen
1388 2149 1675 2226 pecunia
1721 2154 1827 2212 est
1874 2147 2170 2212 inventa.
2217 2145 2469 2211 Paulus
2502 2144 2733 2225 itaque

323 2267 559 2317 coram
597 2248 846 2331 judicio
895 2249 1036 2333 egit
1081 2249 1152 2314 in
1198 2249 1544 2321 Nicolaum
1590 2267 1669 2316 eo
1716 2252 1925 2333 modo,
1973 2249 2147 2318 sicut
2180 2250 2488 2331 superius
2523 2248 2733 2315 conti-

322 2358 557 2419 netur.
593 2353 910 2419 Nicolaus
954 2371 1116 2420 vero
1163 2358 1587 2436 negationem
1652 2356 2103 2436 praetendens
2166 2354 2411 2439 petivit
2476 2372 2595 2435 pro
2658 2371 2733 2418 se

323 2456 836 2527 sententialiter
867 2457 1140 2525 dictari:
1175 2458 1336 2526 Cum
1369 2476 1606 2524 nomen
1640 2478 1829 2525 suum
1864 2460 2106 2524 bonum
2138 2459 2385 2524 nullius
2419 2456 2730 2523 infamiae

324 2561 596 2631 macula
642 2560 1077 2642 confutasset,
1124 2566 1347 2627 utrum
1393 2561 1557 2644 ipse,
1613 2569 1949 2642 tamquam
2007 2563 2182 2629 alter
2226 2563 2471 2644 probus
2524 2561 2733 2646 homo,

327 2683 460 2750 res,
530 2684 771 2747 corpus
833 2670 902 2731 et
944 2665 1270 2732 *honorem
1329 2685 1515 2734 suum
1581 2685 1709 2741 non
1775 2672 2003 2749 posset
2062 2667 2294 2733 melius
2356 2665 2735 2749 defendere,

330 2787 532 2849 quam
580 2789 699 2850 per
737 2769 1014 2836 Paulum
1050 2768 1274 2836 vinci?
1309 2770 1408 2836 Ob
1443 2771 1568 2836 hoc
1603 2771 1980 2854 praecipue,
2013 2773 2186 2852 quod
2219 2770 2470 2837 Paulus
2505 2771 2731 2835 claves

331 2878 470 2939 tam
523 2874 734 2939 cistae
783 2892 978 2952 quam
1025 2873 1270 2955 pixidis
1331 2893 1493 2940 suae
1558 2893 1679 2957 per
1725 2893 1797 2941 se
1846 2893 2108 2956 semper
2154 2874 2484 2956 habuerit,
2531 2891 2730 2939 manu

327 2978 612 3062 propria
654 2979 1068 3045 reseraverit
1114 2983 1186 3045 et
1232 2979 1584 3061 seraverit,
1629 2997 1757 3045 nec
1810 2999 2115 3060 umquam
2177 2980 2402 3044 claves
2467 2980 2734 3045 easdem

332 3083 470 3150 sibi
524 3084 630 3150 vel
678 3083 869 3148 uxori
923 3101 1085 3149 suae
1131 3083 1202 3148 in
1246 3083 1507 3166 signum
1569 3090 1639 3150 et
1698 3084 2152 3151 testimonium
2214 3082 2503 3165 depositi
2560 3100 2731 3150 com-

333 3186 600 3255 miserit
669 3188 756 3252 ad
825 3189 1244 3255 servandum.
1306 3187 1581 3270 Super
1643 3207 1797 3269 quo
1862 3188 2504 3255 sententiatum
2564 3186 2735 3253 fuit

335 3308 453 3371 pro
505 3290 799 3374 Nicolao,
848 3296 1124 3373 propter
1169 3293 1292 3357 hoc
1339 3291 1638 3375 maxime,
1703 3294 1875 3372 quod
1928 3311 2057 3358 non
2105 3295 2415 3359 obstante
2462 3291 2731 3357 clausae

336 3393 554 3460 cistae
600 3395 924 3476 deposito,
973 3394 1223 3461 Paulus
1271 3413 1392 3478 per
1440 3415 1510 3461 se
1556 3403 1696 3461 tam
1758 3396 1993 3462 cistam
2058 3416 2252 3477 quam
2313 3396 2603 3480 pixidem
2663 3395 2732 3459 in

337 3503 609 3579 propria
658 3500 1132 3578 quodammodo
1183 3504 1523 3581 potestate
1568 3500 1791 3566 tenuit
1844 3505 1913 3566 et
1969 3501 2297 3565 clausura.
2344 3499 2732 3566 Econverso

340 3603 564 3685 etiam,
611 3602 916 3682 quamvis
965 3603 1138 3693 cista
1185 3602 1456 3687 signata
1501 3604 1811 3686 deposita
1856 3605 1965 3688 sit,
2012 3610 2080 3669 et
2124 3605 2391 3688 ignoret
2434 3604 2567 3685 ille,
2623 3601 2733 3682 qui

339 3703 713 3789 depositum
782 3707 1098 3790 suscepit,
1165 3726 1275 3774 res
1342 3707 1438 3773 ibi
1501 3727 1685 3774 esse:
1746 3715 1973 3775 tamen
2033 3709 2249 3775 adhuc
2316 3712 2409 3774 et·
2444 3708 2617 3775 cista
2663 3710 2733 3772 et

339 3809 647 3894 singulae
699 3828 810 3876 res
873 3811 1011 3892 peti
1078 3819 1356 3891 possunt
1409 3812 1699 3877 actione.
1740 3813 2043 3895 depositi.
2105 3812 2501 3877 Voluntarie
2562 3811 2733 3878 enim

342 3913 498 3979 talis
547 3914 994 3994 depositarius
1028 3933 1161 3998 reS,
1209 3933 1374 3995 quas
1422 3916 1779 3998 ignoravit,
1813 3919 1988 3998 apud
2021 3935 2092 3982 se
2126 3915 2369 3997 deponi
2399 3915 2733 3998 permisit;

345 4019 458 4083 sed
504 4024 730 4085 tamen
790 4018 1174 4086 necessarie
1236 4025 1358 4103 est,
1420 4023 1596 4100 quod
1658 4026 1849 4086 actor
1909 4023 2166 4102 probet,
2226 4022 2400 4100 quod
2444 4022 2514 4084 in
2560 4020 2733 4085 cista

344 4117 592 4188 fuerint
639 4139 768 4203 res,
815 4139 978 4201 quas
1026 4122 1294 4204 repetit.

546 4226 640 4290 Et
689 4225 997 4293 similiter
1056 4226 1478 4309 intelligatur
1526 4229 1608 4295 de
1656 4245 1848 4294 sacco
1897 4229 2106 4312 ligato
2155 4237 2225 4296 et
2270 4231 2355 4294 de
2401 4224 2733 4307 marsupio

351 4328 635 4412 sigillato
688 4331 1011 4411 deposito.
