<?xml version="1.0" encoding="UTF-8"?>
<!DOCTYPE html PUBLIC "-//W3C//DTD XHTML 1.0 Transitional//EN"
    "http://www.w3.org/TR/xhtml1/DTD/xhtml1-transitional.dtd">
<html xmlns="http://www.w3.org/1999/xhtml" xml:lang="en" lang="en">
 <head>
  <title>
</title>
<meta http-equiv="Content-Type" content="text/html;charset=utf-8" />
  <meta name='ocr-system' content='tesseract 3.04.00' />
  <meta name='ocr-capabilities' content='ocr_page ocr_carea ocr_par ocr_line ocrx_word'/>
</head>
<body>
  <div class='ocr_page' id='page_1' title='image "./codexjurisbohem00unkngoog_0174.png"; bbox 0 0 3275 5009; ppageno 0'>
   <div class='ocr_carea' id='block_1_1' title="bbox 294 348 975 402">
    <p class='ocr_par' dir='ltr' id='par_1_1' title="bbox 294 348 975 402">
     <span class='ocr_line' id='line_1_1' title="bbox 294 348 975 402; baseline -0.003 0"><span class='ocrx_word' id='word_1_1' title='bbox 294 350 347 402; x_wconf 81' lang='lat'>158</span> <span class='ocrx_word' id='word_1_2' title='bbox 562 351 564 356; x_wconf 88' lang='lat'>&#39;</span> <span class='ocrx_word' id='word_1_3' title='bbox 811 348 975 402; x_wconf 79' lang='lat' dir='ltr'>Sententiae</span> 
     </span>
    </p>
   </div>
   <div class='ocr_carea' id='block_1_2' title="bbox 291 556 1475 745">
    <p class='ocr_par' dir='ltr' id='par_1_2' title="bbox 291 556 1475 745">
     <span class='ocr_line' id='line_1_2' title="bbox 291 556 1475 641; baseline -0.001 -18"><span class='ocrx_word' id='word_1_4' title='bbox 291 556 469 623; x_wconf 83' lang='lat' dir='ltr'><strong>avunculis</strong></span> <span class='ocrx_word' id='word_1_5' title='bbox 508 557 619 639; x_wconf 89' lang='lat' dir='ltr'>occisi,</span> <span class='ocrx_word' id='word_1_6' title='bbox 653 557 682 622; x_wconf 93' lang='lat' dir='ltr'>si</span> <span class='ocrx_word' id='word_1_7' title='bbox 718 557 884 639; x_wconf 87' lang='lat' dir='ltr'>impetunt</span> <span class='ocrx_word' id='word_1_8' title='bbox 921 557 1128 639; x_wconf 82' lang='lat' dir='ltr'>homicidam,</span> <span class='ocrx_word' id='word_1_9' title='bbox 1165 575 1230 623; x_wconf 91' lang='lat' dir='ltr'>non</span> <span class='ocrx_word' id='word_1_10' title='bbox 1268 563 1324 622; x_wconf 94' lang='lat' dir='ltr'>est</span> <span class='ocrx_word' id='word_1_11' title='bbox 1355 558 1475 641; x_wconf 86' lang='lat' dir='ltr'>justitia</span> 
     </span>
     <span class='ocr_line' id='line_1_3' title="bbox 293 663 501 745; baseline -0.01 -17"><span class='ocrx_word' id='word_1_12' title='bbox 293 663 501 745; x_wconf 80' lang='lat' dir='ltr'>deneganda.</span> 
     </span>
    </p>
   </div>
   <div class='ocr_carea' id='block_1_3' title="bbox 289 813 1480 1528">
    <p class='ocr_par' dir='ltr' id='par_1_3' title="bbox 289 813 1480 1528">
     <span class='ocr_line' id='line_1_4' title="bbox 398 813 1477 900; baseline 0.008 -26"><span class='ocrx_word' id='word_1_13' title='bbox 398 821 461 883; x_wconf 80' lang='lat'>378</span> <span class='ocrx_word' id='word_1_14' title='bbox 484 817 534 881; x_wconf 86' lang='lat' dir='ltr'>De</span> <span class='ocrx_word' id='word_1_15' title='bbox 557 815 729 880; x_wconf 79' lang='lat' dir='ltr'>homicidio</span> <span class='ocrx_word' id='word_1_16' title='bbox 760 825 915 900; x_wconf 80' lang='lat' dir='ltr'>quantum</span> <span class='ocrx_word' id='word_1_17' title='bbox 940 817 984 882; x_wconf 79' lang='lat' dir='ltr'>ud</span> <span class='ocrx_word' id='word_1_18' title='bbox 1007 819 1196 882; x_wconf 79' lang='lat' dir='ltr'>cautionem.</span> <span class='ocrx_word' id='word_1_19' title='bbox 1227 813 1303 884; x_wconf 82' lang='lat' dir='ltr'>Nun</span> <span class='ocrx_word' id='word_1_20' title='bbox 1335 820 1477 883; x_wconf 77' lang='lat' dir='ltr'>obstante</span> 
     </span>
     <span class='ocr_line' id='line_1_5' title="bbox 293 921 1477 1007; baseline -0.004 -15"><span class='ocrx_word' id='word_1_21' title='bbox 293 923 446 1007; x_wconf 84' lang='lat' dir='ltr'>homagio</span> <span class='ocrx_word' id='word_1_22' title='bbox 481 941 540 989; x_wconf 92' lang='lat' dir='ltr'>seu</span> <span class='ocrx_word' id='word_1_23' title='bbox 577 921 803 1003; x_wconf 84' lang='lat' dir='ltr'>promissionis</span> <span class='ocrx_word' id='word_1_24' title='bbox 836 922 1038 1005; x_wconf 85' lang='lat' dir='ltr'>juramento,</span> <span class='ocrx_word' id='word_1_25' title='bbox 1075 926 1162 1002; x_wconf 88' lang='lat' dir='ltr'>quod</span> <span class='ocrx_word' id='word_1_26' title='bbox 1193 931 1228 988; x_wconf 93' lang='lat' dir='ltr'>et</span> <span class='ocrx_word' id='word_1_27' title='bbox 1255 922 1417 998; x_wconf 83' lang='lat' dir='ltr'>iurantem</span> <span class='ocrx_word' id='word_1_28' title='bbox 1444 935 1477 988; x_wconf 89' lang='lat' dir='ltr'>et</span> 
     </span>
     <span class='ocr_line' id='line_1_6' title="bbox 292 1026 1480 1110; baseline -0.002 -16"><span class='ocrx_word' id='word_1_29' title='bbox 292 1029 394 1110; x_wconf 91' lang='lat' dir='ltr'>illum,</span> <span class='ocrx_word' id='word_1_30' title='bbox 429 1026 482 1093; x_wconf 91' lang='lat' dir='ltr'>cui</span> <span class='ocrx_word' id='word_1_31' title='bbox 513 1028 656 1110; x_wconf 88' lang='lat' dir='ltr'>juratur,</span> <span class='ocrx_word' id='word_1_32' title='bbox 682 1043 786 1106; x_wconf 86' lang='lat' dir='ltr'>aeque</span> <span class='ocrx_word' id='word_1_33' title='bbox 817 1027 965 1110; x_wconf 80' lang='lat' dir='ltr'>stringit,</span> <span class='ocrx_word' id='word_1_34' title='bbox 995 1028 1052 1107; x_wconf 29' lang='lat' dir='ltr'>ita,</span> <span class='ocrx_word' id='word_1_35' title='bbox 1075 1030 1163 1108; x_wconf 90' lang='lat' dir='ltr'>quod</span> <span class='ocrx_word' id='word_1_36' title='bbox 1184 1029 1280 1093; x_wconf 90' lang='lat' dir='ltr'>ambo</span> <span class='ocrx_word' id='word_1_37' title='bbox 1305 1027 1480 1093; x_wconf 82' lang='lat' dir='ltr'>adinvicem</span> 
     </span>
     <span class='ocr_line' id='line_1_7' title="bbox 292 1129 1476 1216; baseline 0 -19"><span class='ocrx_word' id='word_1_38' title='bbox 292 1132 357 1197; x_wconf 91' lang='lat' dir='ltr'>sibi</span> <span class='ocrx_word' id='word_1_39' title='bbox 380 1141 493 1198; x_wconf 91' lang='lat' dir='ltr'>mutuo</span> <span class='ocrx_word' id='word_1_40' title='bbox 516 1130 589 1212; x_wconf 88' lang='lat' dir='ltr'>pari</span> <span class='ocrx_word' id='word_1_41' title='bbox 604 1129 778 1197; x_wconf 84' lang='lat' dir='ltr'>fidelitatis</span> <span class='ocrx_word' id='word_1_42' title='bbox 798 1130 930 1196; x_wconf 90' lang='lat' dir='ltr'>vinculo</span> <span class='ocrx_word' id='word_1_43' title='bbox 946 1132 1144 1216; x_wconf 85' lang='lat' dir='ltr'>obligantur,</span> <span class='ocrx_word' id='word_1_44' title='bbox 1159 1151 1179 1198; x_wconf 89' lang='lat' dir='ltr'>a</span> <span class='ocrx_word' id='word_1_45' title='bbox 1195 1150 1253 1197; x_wconf 91' lang='lat' dir='ltr'>reo</span> <span class='ocrx_word' id='word_1_46' title='bbox 1270 1133 1476 1216; x_wconf 84' lang='lat' dir='ltr'>fidejussores</span> 
     </span>
     <span class='ocr_line' id='line_1_8' title="bbox 289 1234 1478 1319; baseline -0.003 -16"><span class='ocrx_word' id='word_1_47' title='bbox 289 1239 417 1304; x_wconf 87' lang='lat' dir='ltr'>dehent</span> <span class='ocrx_word' id='word_1_48' title='bbox 429 1235 543 1318; x_wconf 85' lang='lat' dir='ltr'>recipi,</span> <span class='ocrx_word' id='word_1_49' title='bbox 555 1236 583 1300; x_wconf 91' lang='lat' dir='ltr'>si</span> <span class='ocrx_word' id='word_1_50' title='bbox 596 1234 687 1301; x_wconf 87' lang='lat' dir='ltr'>forte·</span> <span class='ocrx_word' id='word_1_51' title='bbox 698 1236 820 1303; x_wconf 89' lang='lat' dir='ltr'>iterum</span> <span class='ocrx_word' id='word_1_52' title='bbox 833 1241 951 1302; x_wconf 88' lang='lat' dir='ltr'>contra</span> <span class='ocrx_word' id='word_1_53' title='bbox 966 1236 1067 1317; x_wconf 88' lang='lat' dir='ltr'>illum,</span> <span class='ocrx_word' id='word_1_54' title='bbox 1085 1240 1139 1301; x_wconf 89' lang='lat' dir='ltr'>cui</span> <span class='ocrx_word' id='word_1_55' title='bbox 1152 1235 1339 1319; x_wconf 82' lang='lat' dir='ltr'>homagium</span> <span class='ocrx_word' id='word_1_56' title='bbox 1350 1235 1478 1317; x_wconf 85' lang='lat' dir='ltr'>fecerat,</span> 
     </span>
     <span class='ocr_line' id='line_1_9' title="bbox 291 1339 1479 1423; baseline -0.002 -17"><span class='ocrx_word' id='word_1_57' title='bbox 291 1340 498 1407; x_wconf 87' lang='lat' dir='ltr'>homicidium</span> <span class='ocrx_word' id='word_1_58' title='bbox 523 1339 657 1418; x_wconf 76' lang='lat' dir='ltr'>iecerit,</span> <span class='ocrx_word' id='word_1_59' title='bbox 680 1347 716 1406; x_wconf 88' lang='lat' dir='ltr'>et</span> <span class='ocrx_word' id='word_1_60' title='bbox 740 1341 768 1405; x_wconf 92' lang='lat' dir='ltr'>si</span> <span class='ocrx_word' id='word_1_61' title='bbox 791 1359 851 1423; x_wconf 93' lang='lat' dir='ltr'>pro</span> <span class='ocrx_word' id='word_1_62' title='bbox 874 1359 935 1406; x_wconf 87' lang='lat' dir='ltr'>sua</span> <span class='ocrx_word' id='word_1_63' title='bbox 958 1340 1150 1406; x_wconf 82' lang='lat' dir='ltr'>defensione</span> <span class='ocrx_word' id='word_1_64' title='bbox 1181 1343 1353 1420; x_wconf 88' lang='lat' dir='ltr'>probanda</span> <span class='ocrx_word' id='word_1_65' title='bbox 1381 1345 1479 1406; x_wconf 87' lang='lat' dir='ltr'>testes</span> 
     </span>
     <span class='ocr_line' id='line_1_10' title="bbox 290 1445 1425 1528; baseline -0.002 -16"><span class='ocrx_word' id='word_1_66' title='bbox 290 1445 446 1512; x_wconf 84' lang='lat' dir='ltr'>habuerit</span> <span class='ocrx_word' id='word_1_67' title='bbox 468 1446 613 1528; x_wconf 89' lang='lat' dir='ltr'>idoneos,</span> <span class='ocrx_word' id='word_1_68' title='bbox 636 1450 751 1511; x_wconf 90' lang='lat' dir='ltr'>utetur</span> <span class='ocrx_word' id='word_1_69' title='bbox 774 1451 809 1511; x_wconf 86' lang='lat' dir='ltr'>et</span> <span class='ocrx_word' id='word_1_70' title='bbox 832 1445 956 1512; x_wconf 87' lang='lat' dir='ltr'>actoris</span> <span class='ocrx_word' id='word_1_71' title='bbox 979 1445 1216 1526; x_wconf 86' lang='lat' dir='ltr'>querimoniam</span> <span class='ocrx_word' id='word_1_72' title='bbox 1240 1445 1425 1511; x_wconf 83' lang='lat' dir='ltr'>declinabit.</span> 
     </span>
    </p>
   </div>
   <div class='ocr_carea' id='block_1_4' title="bbox 289 1598 1481 1997">
    <p class='ocr_par' dir='ltr' id='par_1_4' title="bbox 289 1598 1481 1997">
     <span class='ocr_line' id='line_1_11' title="bbox 395 1598 1481 1686; baseline 0.001 -22"><span class='ocrx_word' id='word_1_73' title='bbox 395 1602 468 1668; x_wconf 79' lang='lat'><em>379.</em></span> <span class='ocrx_word' id='word_1_74' title='bbox 491 1598 542 1663; x_wconf 83' lang='lat' dir='ltr'>De</span> <span class='ocrx_word' id='word_1_75' title='bbox 564 1600 726 1664; x_wconf 76' lang='lat' dir='ltr'>homicida</span> <span class='ocrx_word' id='word_1_76' title='bbox 745 1601 899 1686; x_wconf 75' lang='lat' dir='ltr'>fupdtioo.</span> <span class='ocrx_word' id='word_1_77' title='bbox 927 1602 1059 1684; x_wconf 87' lang='lat' dir='ltr'>Hospes</span> <span class='ocrx_word' id='word_1_78' title='bbox 1083 1603 1112 1666; x_wconf 94' lang='lat' dir='ltr'>si</span> <span class='ocrx_word' id='word_1_79' title='bbox 1132 1601 1344 1668; x_wconf 89' lang='lat' dir='ltr'>homicidium</span> <span class='ocrx_word' id='word_1_80' title='bbox 1364 1601 1481 1667; x_wconf 89' lang='lat' dir='ltr'>fecerit</span> 
     </span>
     <span class='ocr_line' id='line_1_12' title="bbox 289 1703 1478 1792; baseline -0.003 -21"><span class='ocrx_word' id='word_1_81' title='bbox 289 1710 327 1772; x_wconf 91' lang='lat' dir='ltr'>et</span> <span class='ocrx_word' id='word_1_82' title='bbox 349 1705 384 1771; x_wconf 89' lang='lat' dir='ltr'>in</span> <span class='ocrx_word' id='word_1_83' title='bbox 406 1705 586 1771; x_wconf 87' lang='lat' dir='ltr'>claustrum</span> <span class='ocrx_word' id='word_1_84' title='bbox 610 1722 712 1772; x_wconf 90' lang='lat' dir='ltr'>causa</span> <span class='ocrx_word' id='word_1_85' title='bbox 736 1706 830 1787; x_wconf 83' lang='lat' dir='ltr'>pacis</span> <span class='ocrx_word' id='word_1_86' title='bbox 853 1705 1019 1792; x_wconf 83' lang='lat' dir='ltr'>effugerit,</span> <span class='ocrx_word' id='word_1_87' title='bbox 1041 1719 1130 1787; x_wconf 89' lang='lat' dir='ltr'>tunc,</span> <span class='ocrx_word' id='word_1_88' title='bbox 1154 1703 1181 1769; x_wconf 89' lang='lat' dir='ltr'>si</span> <span class='ocrx_word' id='word_1_89' title='bbox 1205 1723 1269 1781; x_wconf 91' lang='lat' dir='ltr'>res,</span> <span class='ocrx_word' id='word_1_90' title='bbox 1293 1724 1375 1785; x_wconf 85' lang='lat' dir='ltr'>quas</span> <span class='ocrx_word' id='word_1_91' title='bbox 1389 1706 1478 1772; x_wconf 91' lang='lat' dir='ltr'>ducit</span> 
     </span>
     <span class='ocr_line' id='line_1_13' title="bbox 291 1808 1478 1895; baseline -0.004 -16"><span class='ocrx_word' id='word_1_92' title='bbox 291 1810 346 1879; x_wconf 89' lang='lat' dir='ltr'>vel</span> <span class='ocrx_word' id='word_1_93' title='bbox 368 1811 481 1891; x_wconf 88' lang='lat' dir='ltr'>habet,</span> <span class='ocrx_word' id='word_1_94' title='bbox 504 1809 644 1875; x_wconf 83' lang='lat' dir='ltr'>alterius</span> <span class='ocrx_word' id='word_1_95' title='bbox 668 1819 753 1892; x_wconf 88' lang='lat' dir='ltr'>sunt,</span> <span class='ocrx_word' id='word_1_96' title='bbox 779 1810 873 1895; x_wconf 89' lang='lat' dir='ltr'>cujus</span> <span class='ocrx_word' id='word_1_97' title='bbox 895 1812 968 1891; x_wconf 88' lang='lat' dir='ltr'>ipse</span> <span class='ocrx_word' id='word_1_98' title='bbox 984 1828 1102 1875; x_wconf 87' lang='lat' dir='ltr'>servus</span> <span class='ocrx_word' id='word_1_99' title='bbox 1118 1808 1272 1875; x_wconf 74' lang='lat' dir='ltr'>fortassis</span> <span class='ocrx_word' id='word_1_100' title='bbox 1291 1809 1413 1891; x_wconf 87' lang='lat' dir='ltr'>extitit,</span> <span class='ocrx_word' id='word_1_101' title='bbox 1428 1811 1478 1875; x_wconf 88' lang='lat' dir='ltr'>vel</span> 
     </span>
     <span class='ocr_line' id='line_1_14' title="bbox 290 1914 1478 1997; baseline -0.003 -15"><span class='ocrx_word' id='word_1_102' title='bbox 290 1917 473 1982; x_wconf 85' lang='lat' dir='ltr'>conductus</span> <span class='ocrx_word' id='word_1_103' title='bbox 495 1914 550 1982; x_wconf 90' lang='lat' dir='ltr'>vel</span> <span class='ocrx_word' id='word_1_104' title='bbox 573 1916 664 1997; x_wconf 89' lang='lat' dir='ltr'>ipsas</span> <span class='ocrx_word' id='word_1_105' title='bbox 688 1934 743 1981; x_wconf 89' lang='lat' dir='ltr'>ras</span> <span class='ocrx_word' id='word_1_106' title='bbox 766 1917 808 1980; x_wconf 91' lang='lat' dir='ltr'>ad</span> <span class='ocrx_word' id='word_1_107' title='bbox 832 1917 931 1981; x_wconf 84' lang='lat' dir='ltr'>talem</span> <span class='ocrx_word' id='word_1_108' title='bbox 957 1916 1064 1980; x_wconf 84' lang='lat' dir='ltr'>locum</span> <span class='ocrx_word' id='word_1_109' title='bbox 1087 1916 1227 1979; x_wconf 88' lang='lat' dir='ltr'>duceret</span> <span class='ocrx_word' id='word_1_110' title='bbox 1242 1914 1296 1979; x_wconf 89' lang='lat' dir='ltr'>vel</span> <span class='ocrx_word' id='word_1_111' title='bbox 1316 1920 1478 1996; x_wconf 85' lang='lat' dir='ltr'>portaret:</span> 
     </span>
    </p>
   </div>
   <div class='ocr_carea' id='block_1_5' title="bbox 292 2010 1578 2103">
    <p class='ocr_par' dir='ltr' id='par_1_5' title="bbox 292 2010 1578 2103">
     <span class='ocr_line' id='line_1_15' title="bbox 292 2010 1578 2103; baseline -0.002 -19"><span class='ocrx_word' id='word_1_112' title='bbox 292 2021 454 2086; x_wconf 88' lang='lat' dir='ltr'>derebus</span> <span class='ocrx_word' id='word_1_113' title='bbox 479 2019 664 2103; x_wconf 88' lang='lat' dir='ltr'>hujusmodi</span> <span class='ocrx_word' id='word_1_114' title='bbox 689 2011 751 2086; x_wconf 85' lang='lat' dir='ltr'>nec</span> <span class='ocrx_word' id='word_1_115' title='bbox 770 2019 874 2102; x_wconf 82' lang='lat' dir='ltr'>judex</span> <span class='ocrx_word' id='word_1_116' title='bbox 897 2037 959 2086; x_wconf 89' lang='lat' dir='ltr'>neo</span> <span class='ocrx_word' id='word_1_117' title='bbox 979 2017 1094 2101; x_wconf 88' lang='lat' dir='ltr'>jurati,</span> <span class='ocrx_word' id='word_1_118' title='bbox 1121 2036 1182 2083; x_wconf 91' lang='lat' dir='ltr'>nec</span> <span class='ocrx_word' id='word_1_119' title='bbox 1205 2036 1289 2087; x_wconf 86' lang='lat' dir='ltr'>uxor</span> <span class='ocrx_word' id='word_1_120' title='bbox 1311 2019 1366 2083; x_wconf 84' lang='lat' dir='ltr'>vel</span> <span class='ocrx_word' id='word_1_121' title='bbox 1388 2018 1479 2083; x_wconf 88' lang='lat' dir='ltr'>amici</span> <span class='ocrx_word' id='word_1_122' title='bbox 1577 2010 1578 2027; x_wconf 65' lang='lat'><em>³</em></span> 
     </span>
    </p>
   </div>
   <div class='ocr_carea' id='block_1_6' title="bbox 286 2121 1481 2417">
    <p class='ocr_par' dir='ltr' id='par_1_6' title="bbox 286 2121 1481 2417">
     <span class='ocr_line' id='line_1_16' title="bbox 286 2121 1480 2208; baseline -0.004 -17"><span class='ocrx_word' id='word_1_123' title='bbox 286 2123 391 2192; x_wconf 89' lang='lat' dir='ltr'>occisi</span> <span class='ocrx_word' id='word_1_124' title='bbox 423 2142 459 2190; x_wconf 89' lang='lat' dir='ltr'>se</span> <span class='ocrx_word' id='word_1_125' title='bbox 489 2123 726 2206; x_wconf 85' lang='lat' dir='ltr'>intromittant,</span> <span class='ocrx_word' id='word_1_126' title='bbox 758 2127 818 2190; x_wconf 90' lang='lat' dir='ltr'>sed</span> <span class='ocrx_word' id='word_1_127' title='bbox 849 2125 914 2206; x_wconf 87' lang='lat' dir='ltr'>ille,</span> <span class='ocrx_word' id='word_1_128' title='bbox 945 2126 1039 2208; x_wconf 89' lang='lat' dir='ltr'>cujus</span> <span class='ocrx_word' id='word_1_129' title='bbox 1068 2139 1186 2188; x_wconf 90' lang='lat' dir='ltr'>servus</span> <span class='ocrx_word' id='word_1_130' title='bbox 1217 2121 1272 2188; x_wconf 90' lang='lat' dir='ltr'>vel</span> <span class='ocrx_word' id='word_1_131' title='bbox 1302 2124 1480 2188; x_wconf 88' lang='lat' dir='ltr'>conductus</span> 
     </span>
     <span class='ocr_line' id='line_1_17' title="bbox 291 2226 1480 2304; baseline -0.001 -11"><span class='ocrx_word' id='word_1_132' title='bbox 291 2227 476 2295; x_wconf 89' lang='lat' dir='ltr'>dinoscitur</span> <span class='ocrx_word' id='word_1_133' title='bbox 498 2246 582 2294; x_wconf 85' lang='lat' dir='ltr'>esse.</span> <span class='ocrx_word' id='word_1_134' title='bbox 607 2227 711 2294; x_wconf 86' lang='lat' dir='ltr'>Secus</span> <span class='ocrx_word' id='word_1_135' title='bbox 734 2234 846 2295; x_wconf 86' lang='lat' dir='ltr'>autem</span> <span class='ocrx_word' id='word_1_136' title='bbox 869 2228 1025 2294; x_wconf 82' lang='lat' dir='ltr'>fortassis</span> <span class='ocrx_word' id='word_1_137' title='bbox 1048 2233 1148 2304; x_wconf 88' lang='lat' dir='ltr'>esset,</span> <span class='ocrx_word' id='word_1_138' title='bbox 1172 2227 1201 2292; x_wconf 90' lang='lat' dir='ltr'>si</span> <span class='ocrx_word' id='word_1_139' title='bbox 1220 2226 1304 2293; x_wconf 89' lang='lat' dir='ltr'>civis</span> <span class='ocrx_word' id='word_1_140' title='bbox 1321 2246 1361 2293; x_wconf 85' lang='lat' dir='ltr'>ex</span> <span class='ocrx_word' id='word_1_141' title='bbox 1377 2246 1414 2294; x_wconf 91' lang='lat' dir='ltr'>eo</span> <span class='ocrx_word' id='word_1_142' title='bbox 1430 2245 1480 2292; x_wconf 91' lang='lat' dir='ltr'>res</span> 
     </span>
     <span class='ocr_line' id='line_1_18' title="bbox 289 2332 1481 2417; baseline -0.003 -19"><span class='ocrx_word' id='word_1_143' title='bbox 289 2333 355 2400; x_wconf 91' lang='lat' dir='ltr'>sibi</span> <span class='ocrx_word' id='word_1_144' title='bbox 378 2338 567 2417; x_wconf 88' lang='lat' dir='ltr'>usurparet,</span> <span class='ocrx_word' id='word_1_145' title='bbox 591 2333 668 2414; x_wconf 89' lang='lat' dir='ltr'>quia</span> <span class='ocrx_word' id='word_1_146' title='bbox 688 2333 853 2414; x_wconf 86' lang='lat' dir='ltr'>hospitem</span> <span class='ocrx_word' id='word_1_147' title='bbox 868 2334 1010 2400; x_wconf 90' lang='lat' dir='ltr'>haberet</span> <span class='ocrx_word' id='word_1_148' title='bbox 1026 2332 1091 2400; x_wconf 90' lang='lat' dir='ltr'>sibi</span> <span class='ocrx_word' id='word_1_149' title='bbox 1104 2332 1141 2399; x_wconf 88' lang='lat' dir='ltr'>in</span> <span class='ocrx_word' id='word_1_150' title='bbox 1157 2332 1281 2400; x_wconf 92' lang='lat' dir='ltr'>debitis</span> <span class='ocrx_word' id='word_1_151' title='bbox 1297 2333 1481 2416; x_wconf 85' lang='lat' dir='ltr'>obligatum.</span> 
     </span>
    </p>
   </div>
   <div class='ocr_carea' id='block_1_7' title="bbox 212 2487 1481 3617">
    <p class='ocr_par' dir='ltr' id='par_1_7' title="bbox 212 2487 1481 3408">
     <span class='ocr_line' id='line_1_19' title="bbox 396 2487 1481 2573; baseline 0.002 -23"><span class='ocrx_word' id='word_1_152' title='bbox 396 2489 468 2553; x_wconf 82' lang='lat'><strong><em>380.</em></strong></span> <span class='ocrx_word' id='word_1_153' title='bbox 485 2487 537 2551; x_wconf 84' lang='lat' dir='ltr'>De</span> <span class='ocrx_word' id='word_1_154' title='bbox 552 2487 723 2552; x_wconf 76' lang='lat' dir='ltr'>homicidio</span> <span class='ocrx_word' id='word_1_155' title='bbox 741 2499 893 2572; x_wconf 85' lang='lat' dir='ltr'>quantum</span> <span class='ocrx_word' id='word_1_156' title='bbox 910 2498 997 2553; x_wconf 77' lang='lat' dir='ltr'>circa</span> <span class='ocrx_word' id='word_1_157' title='bbox 1013 2489 1212 2573; x_wconf 70' lang='lat' dir='ltr'>deprehensa</span> <span class='ocrx_word' id='word_1_158' title='bbox 1227 2511 1330 2556; x_wconf 72' lang='lat' dir='ltr'>amun.</span> <span class='ocrx_word' id='word_1_159' title='bbox 1344 2490 1481 2570; x_wconf 83' lang='lat' dir='ltr'>Propter</span> 
     </span>
     <span class='ocr_line' id='line_1_20' title="bbox 290 2591 1480 2678; baseline -0.002 -19"><span class='ocrx_word' id='word_1_160' title='bbox 290 2594 352 2659; x_wconf 89' lang='lat' dir='ltr'>hoc</span> <span class='ocrx_word' id='word_1_161' title='bbox 376 2611 441 2659; x_wconf 89' lang='lat' dir='ltr'>non</span> <span class='ocrx_word' id='word_1_162' title='bbox 465 2591 676 2660; x_wconf 89' lang='lat' dir='ltr'>conuincitur</span> <span class='ocrx_word' id='word_1_163' title='bbox 703 2594 825 2673; x_wconf 86' lang='lat' dir='ltr'>aliquis</span> <span class='ocrx_word' id='word_1_164' title='bbox 848 2596 889 2660; x_wconf 93' lang='lat' dir='ltr'>de</span> <span class='ocrx_word' id='word_1_165' title='bbox 914 2593 1098 2678; x_wconf 91' lang='lat' dir='ltr'>homicidio,</span> <span class='ocrx_word' id='word_1_166' title='bbox 1128 2595 1215 2673; x_wconf 90' lang='lat' dir='ltr'>quod</span> <span class='ocrx_word' id='word_1_167' title='bbox 1245 2592 1403 2661; x_wconf 90' lang='lat' dir='ltr'>cultellus</span> <span class='ocrx_word' id='word_1_168' title='bbox 1431 2592 1480 2658; x_wconf 86' lang='lat' dir='ltr'>uel</span> 
     </span>
     <span class='ocr_line' id='line_1_21' title="bbox 291 2695 1480 2783; baseline -0.002 -21"><span class='ocrx_word' id='word_1_169' title='bbox 291 2697 424 2782; x_wconf 85' lang='lat' dir='ltr'>gladius</span> <span class='ocrx_word' id='word_1_170' title='bbox 455 2697 654 2782; x_wconf 83' lang='lat' dir='ltr'>evaginatus</span> <span class='ocrx_word' id='word_1_171' title='bbox 677 2697 713 2763; x_wconf 92' lang='lat' dir='ltr'>in</span> <span class='ocrx_word' id='word_1_172' title='bbox 737 2695 888 2766; x_wconf 89' lang='lat' dir='ltr'>manibus</span> <span class='ocrx_word' id='word_1_173' title='bbox 919 2701 991 2783; x_wconf 86' lang='lat' dir='ltr'>ejus</span> <span class='ocrx_word' id='word_1_174' title='bbox 1020 2699 1160 2781; x_wconf 88' lang='lat' dir='ltr'>rapitur.</span> <span class='ocrx_word' id='word_1_175' title='bbox 1193 2698 1284 2782; x_wconf 80' lang='lat' dir='ltr'>Ergo</span> <span class='ocrx_word' id='word_1_176' title='bbox 1315 2699 1344 2765; x_wconf 90' lang='lat' dir='ltr'>si</span> <span class='ocrx_word' id='word_1_177' title='bbox 1368 2697 1480 2780; x_wconf 75' lang='lat' dir='ltr'>iurati,</span> 
     </span>
     <span class='ocr_line' id='line_1_22' title="bbox 290 2801 1477 2886; baseline -0.003 -18"><span class='ocrx_word' id='word_1_178' title='bbox 290 2804 354 2869; x_wconf 94' lang='lat' dir='ltr'>duo</span> <span class='ocrx_word' id='word_1_179' title='bbox 371 2803 425 2870; x_wconf 88' lang='lat' dir='ltr'>uei</span> <span class='ocrx_word' id='word_1_180' title='bbox 438 2801 559 2886; x_wconf 88' lang='lat' dir='ltr'>plures,</span> <span class='ocrx_word' id='word_1_181' title='bbox 574 2803 797 2869; x_wconf 89' lang='lat' dir='ltr'>confiteantur</span> <span class='ocrx_word' id='word_1_182' title='bbox 809 2804 1020 2871; x_wconf 87' lang='lat' dir='ltr'>concorditer</span> <span class='ocrx_word' id='word_1_183' title='bbox 1035 2822 1071 2868; x_wconf 88' lang='lat' dir='ltr'>se</span> <span class='ocrx_word' id='word_1_184' title='bbox 1086 2802 1222 2884; x_wconf 88' lang='lat' dir='ltr'>vidisse,</span> <span class='ocrx_word' id='word_1_185' title='bbox 1238 2821 1311 2868; x_wconf 90' lang='lat' dir='ltr'>eum</span> <span class='ocrx_word' id='word_1_186' title='bbox 1327 2802 1477 2869; x_wconf 86' lang='lat' dir='ltr'>habuisse</span> 
     </span>
     <span class='ocr_line' id='line_1_23' title="bbox 288 2906 1480 2991; baseline -0.002 -17"><span class='ocrx_word' id='word_1_187' title='bbox 288 2907 505 2991; x_wconf 82' lang='lat' dir='ltr'>evaginatum</span> <span class='ocrx_word' id='word_1_188' title='bbox 523 2906 691 2974; x_wconf 89' lang='lat' dir='ltr'>cultellum</span> <span class='ocrx_word' id='word_1_189' title='bbox 707 2907 742 2972; x_wconf 90' lang='lat' dir='ltr'>in</span> <span class='ocrx_word' id='word_1_190' title='bbox 757 2925 857 2973; x_wconf 90' lang='lat' dir='ltr'>manu</span> <span class='ocrx_word' id='word_1_191' title='bbox 873 2912 908 2975; x_wconf 85' lang='lat' dir='ltr'>et</span> <span class='ocrx_word' id='word_1_192' title='bbox 924 2907 1061 2989; x_wconf 89' lang='lat' dir='ltr'>capucio</span> <span class='ocrx_word' id='word_1_193' title='bbox 1076 2906 1247 2974; x_wconf 90' lang='lat' dir='ltr'>brachium</span> <span class='ocrx_word' id='word_1_194' title='bbox 1263 2909 1480 2986; x_wconf 85' lang='lat' dir='ltr'>convolutum,</span> 
     </span>
     <span class='ocr_line' id='line_1_24' title="bbox 228 3009 1477 3091; baseline -0.004 -12"><span class='ocrx_word' id='word_1_195' title='bbox 228 3021 230 3026; x_wconf 80' lang='grc'><strong>“</strong></span> <span class='ocrx_word' id='word_1_196' title='bbox 289 3014 349 3079; x_wconf 90' lang='lat' dir='ltr'>sed</span> <span class='ocrx_word' id='word_1_197' title='bbox 373 3029 438 3076; x_wconf 92' lang='lat' dir='ltr'>non</span> <span class='ocrx_word' id='word_1_198' title='bbox 461 3013 546 3091; x_wconf 93' lang='lat' dir='ltr'>quod</span> <span class='ocrx_word' id='word_1_199' title='bbox 568 3011 717 3080; x_wconf 83' lang='lat' dir='ltr'>uiderint</span> <span class='ocrx_word' id='word_1_200' title='bbox 739 3017 850 3077; x_wconf 88' lang='lat' dir='ltr'>actum</span> <span class='ocrx_word' id='word_1_201' title='bbox 874 3009 1032 3089; x_wconf 90' lang='lat' dir='ltr'>vulneris,</span> <span class='ocrx_word' id='word_1_202' title='bbox 1063 3016 1098 3076; x_wconf 92' lang='lat' dir='ltr'>et</span> <span class='ocrx_word' id='word_1_203' title='bbox 1128 3011 1230 3078; x_wconf 88' lang='lat' dir='ltr'>etiam</span> <span class='ocrx_word' id='word_1_204' title='bbox 1253 3029 1283 3076; x_wconf 88' lang='lat' dir='ltr'>sr</span> <span class='ocrx_word' id='word_1_205' title='bbox 1305 3016 1477 3091; x_wconf 85' lang='lat' dir='ltr'>testentur,</span> 
     </span>
     <span class='ocr_line' id='line_1_25' title="bbox 212 3113 1477 3199; baseline -0.002 -19"><span class='ocrx_word' id='word_1_206' title='bbox 212 3183 214 3188; x_wconf 76' lang='grc'>,</span> <span class='ocrx_word' id='word_1_207' title='bbox 286 3115 369 3196; x_wconf 86' lang='lat' dir='ltr'>quia</span> <span class='ocrx_word' id='word_1_208' title='bbox 392 3115 426 3182; x_wconf 92' lang='lat' dir='ltr'>in</span> <span class='ocrx_word' id='word_1_209' title='bbox 448 3115 528 3199; x_wconf 81' lang='lat' dir='ltr'>iuga</span> <span class='ocrx_word' id='word_1_210' title='bbox 550 3118 666 3181; x_wconf 88' lang='lat' dir='ltr'>tentus</span> <span class='ocrx_word' id='word_1_211' title='bbox 688 3119 743 3180; x_wconf 85' lang='lat' dir='ltr'>est</span> <span class='ocrx_word' id='word_1_212' title='bbox 767 3114 845 3180; x_wconf 89' lang='lat' dir='ltr'>talis</span> <span class='ocrx_word' id='word_1_213' title='bbox 861 3132 955 3181; x_wconf 91' lang='lat' dir='ltr'>reus:</span> <span class='ocrx_word' id='word_1_214' title='bbox 971 3133 1043 3180; x_wconf 90' lang='lat' dir='ltr'>cum</span> <span class='ocrx_word' id='word_1_215' title='bbox 1054 3114 1160 3198; x_wconf 87' lang='lat' dir='ltr'>jurati</span> <span class='ocrx_word' id='word_1_216' title='bbox 1177 3117 1219 3181; x_wconf 91' lang='lat' dir='ltr'>de</span> <span class='ocrx_word' id='word_1_217' title='bbox 1234 3115 1310 3182; x_wconf 91' lang='lat' dir='ltr'>visu</span> <span class='ocrx_word' id='word_1_218' title='bbox 1336 3113 1477 3184; x_wconf 87' lang='lat' dir='ltr'>vulneris</span> 
     </span>
     <span class='ocr_line' id='line_1_26' title="bbox 290 3219 1476 3302; baseline -0.003 -17"><span class='ocrx_word' id='word_1_219' title='bbox 290 3238 355 3286; x_wconf 94' lang='lat' dir='ltr'>non</span> <span class='ocrx_word' id='word_1_220' title='bbox 378 3223 556 3300; x_wconf 88' lang='lat' dir='ltr'>testantur,</span> <span class='ocrx_word' id='word_1_221' title='bbox 580 3224 693 3300; x_wconf 91' lang='lat' dir='ltr'>potest</span> <span class='ocrx_word' id='word_1_222' title='bbox 724 3237 769 3296; x_wconf 92' lang='lat' dir='ltr'>se,</span> <span class='ocrx_word' id='word_1_223' title='bbox 800 3220 1015 3286; x_wconf 85' lang='lat' dir='ltr'>considerata</span> <span class='ocrx_word' id='word_1_224' title='bbox 1044 3224 1154 3284; x_wconf 85' lang='lat' dir='ltr'>tamen</span> <span class='ocrx_word' id='word_1_225' title='bbox 1184 3219 1257 3286; x_wconf 76' lang='lat' dir='ltr'>vitai</span> <span class='ocrx_word' id='word_1_226' title='bbox 1286 3238 1357 3302; x_wconf 87' lang='lat' dir='ltr'>sua,</span> <span class='ocrx_word' id='word_1_227' title='bbox 1388 3236 1476 3301; x_wconf 89' lang='lat' dir='ltr'>quam</span> 
     </span>
     <span class='ocr_line' id='line_1_27' title="bbox 290 3322 850 3408; baseline -0.004 -18"><span class='ocrx_word' id='word_1_228' title='bbox 290 3322 396 3408; x_wconf 87' lang='lat' dir='ltr'>duxit,</span> <span class='ocrx_word' id='word_1_229' title='bbox 418 3323 630 3405; x_wconf 78' lang='lat' dir='ltr'>iustitialiter</span> <span class='ocrx_word' id='word_1_230' title='bbox 652 3341 850 3406; x_wconf 82' lang='lat' dir='ltr'>expurgare.</span> 
     </span>
    </p>

    <p class='ocr_par' dir='ltr' id='par_1_8' title="bbox 289 3424 1473 3617">
     <span class='ocr_line' id='line_1_28' title="bbox 394 3424 1473 3513; baseline -0.005 -19"><span class='ocrx_word' id='word_1_231' title='bbox 394 3425 640 3513; x_wconf 78' lang='lat' dir='ltr'>(Residuum</span> <span class='ocrx_word' id='word_1_232' title='bbox 672 3445 834 3507; x_wconf 86' lang='lat' dir='ltr'>quaere</span> <span class='ocrx_word' id='word_1_233' title='bbox 868 3445 1000 3508; x_wconf 87' lang='lat' dir='ltr'>supra</span> <span class='ocrx_word' id='word_1_234' title='bbox 1036 3426 1115 3510; x_wconf 77' lang='lat' dir='ltr'>„De</span> <span class='ocrx_word' id='word_1_235' title='bbox 1145 3434 1297 3495; x_wconf 89' lang='lat' dir='ltr'>actore</span> <span class='ocrx_word' id='word_1_236' title='bbox 1325 3424 1473 3495; x_wconf 88' lang='lat' dir='ltr'>etreo“</span> 
     </span>
     <span class='ocr_line' id='line_1_29' title="bbox 289 3530 696 3617; baseline 0 -20"><span class='ocrx_word' id='word_1_237' title='bbox 289 3537 334 3598; x_wconf 88' lang='lat' dir='ltr'>et</span> <span class='ocrx_word' id='word_1_238' title='bbox 360 3532 438 3614; x_wconf 90' lang='lat' dir='ltr'>„De</span> <span class='ocrx_word' id='word_1_239' title='bbox 462 3530 696 3617; x_wconf 82' lang='lat' dir='ltr'>emendis“.)</span> 
     </span>
    </p>
   </div>
   <div class='ocr_carea' id='block_1_8' title="bbox 285 3685 1580 4399">
    <p class='ocr_par' dir='ltr' id='par_1_9' title="bbox 285 3685 1580 4399">
     <span class='ocr_line' id='line_1_30' title="bbox 394 3685 1472 3771; baseline -0.001 -22"><span class='ocrx_word' id='word_1_240' title='bbox 394 3687 466 3753; x_wconf 83' lang='lat'><strong><em>381.</em></strong></span> <span class='ocrx_word' id='word_1_241' title='bbox 487 3687 538 3750; x_wconf 88' lang='lat' dir='ltr'>Da</span> <span class='ocrx_word' id='word_1_242' title='bbox 560 3689 728 3751; x_wconf 77' lang='lat' dir='ltr'>homicidit</span> <span class='ocrx_word' id='word_1_243' title='bbox 742 3695 946 3751; x_wconf 81' lang='lat' dir='ltr'>accusatione</span> <span class='ocrx_word' id='word_1_244' title='bbox 961 3685 1071 3752; x_wconf 65' lang='lat' dir='ltr'>dritta.</span> <span class='ocrx_word' id='word_1_245' title='bbox 1093 3688 1216 3755; x_wconf 76' lang='lat' dir='ltr'>Petrus</span> <span class='ocrx_word' id='word_1_246' title='bbox 1232 3707 1290 3771; x_wconf 87' lang='lat' dir='ltr'>pro</span> <span class='ocrx_word' id='word_1_247' title='bbox 1307 3685 1472 3754; x_wconf 85' lang='lat' dir='ltr'>homicidio</span> 
     </span>
     <span class='ocr_line' id='line_1_31' title="bbox 285 3787 1580 3887; baseline -0.005 -30"><span class='ocrx_word' id='word_1_248' title='bbox 285 3792 464 3858; x_wconf 88' lang='lat' dir='ltr'>accusavit</span> <span class='ocrx_word' id='word_1_249' title='bbox 486 3809 596 3857; x_wconf 89' lang='lat' dir='ltr'>coram</span> <span class='ocrx_word' id='word_1_250' title='bbox 615 3791 738 3876; x_wconf 84' lang='lat' dir='ltr'>juratis</span> <span class='ocrx_word' id='word_1_251' title='bbox 761 3791 959 3875; x_wconf 82' lang='lat' dir='ltr'>Fridricum,</span> <span class='ocrx_word' id='word_1_252' title='bbox 985 3798 1104 3875; x_wconf 88' lang='lat' dir='ltr'>postea</span> <span class='ocrx_word' id='word_1_253' title='bbox 1127 3812 1206 3860; x_wconf 89' lang='lat' dir='ltr'>vero</span> <span class='ocrx_word' id='word_1_254' title='bbox 1230 3812 1341 3861; x_wconf 87' lang='lat' dir='ltr'>eoram</span> <span class='ocrx_word' id='word_1_255' title='bbox 1360 3787 1472 3876; x_wconf 85' lang='lat' dir='ltr'>jndicio</span> <span class='ocrx_word' id='word_1_256' title='bbox 1579 3868 1580 3887; x_wconf 15' lang='grc' dir='ltr'>ἢ</span> 
     </span>
     <span class='ocr_line' id='line_1_32' title="bbox 290 3894 1580 3980; baseline -0.007 -18"><span class='ocrx_word' id='word_1_257' title='bbox 290 3895 481 3976; x_wconf 89' lang='lat' dir='ltr'>Martinum,</span> <span class='ocrx_word' id='word_1_258' title='bbox 511 3914 642 3977; x_wconf 91' lang='lat' dir='ltr'>semper</span> <span class='ocrx_word' id='word_1_259' title='bbox 672 3896 809 3963; x_wconf 88' lang='lat' dir='ltr'>consilio</span> <span class='ocrx_word' id='word_1_260' title='bbox 840 3897 1046 3976; x_wconf 88' lang='lat' dir='ltr'>praehabito.</span> <span class='ocrx_word' id='word_1_261' title='bbox 1074 3896 1146 3980; x_wconf 76' lang='lat' dir='ltr'>Quo</span> <span class='ocrx_word' id='word_1_262' title='bbox 1169 3898 1283 3963; x_wconf 91' lang='lat' dir='ltr'>audito</span> <span class='ocrx_word' id='word_1_263' title='bbox 1311 3895 1472 3965; x_wconf 86' lang='lat' dir='ltr'>Fridrious</span> <span class='ocrx_word' id='word_1_264' title='bbox 1579 3894 1580 3903; x_wconf 78' lang='grc'>’</span> 
     </span>
     <span class='ocr_line' id='line_1_33' title="bbox 291 3999 1471 4082; baseline -0.001 -18"><span class='ocrx_word' id='word_1_265' title='bbox 291 4018 351 4081; x_wconf 90' lang='lat' dir='ltr'>pro</span> <span class='ocrx_word' id='word_1_266' title='bbox 375 4017 410 4064; x_wconf 89' lang='lat' dir='ltr'>se</span> <span class='ocrx_word' id='word_1_267' title='bbox 434 3999 634 4066; x_wconf 88' lang='lat' dir='ltr'>sententiari</span> <span class='ocrx_word' id='word_1_268' title='bbox 653 4000 784 4082; x_wconf 90' lang='lat' dir='ltr'>petivit,</span> <span class='ocrx_word' id='word_1_269' title='bbox 806 4019 829 4065; x_wconf 89' lang='lat' dir='ltr'>u</span> <span class='ocrx_word' id='word_1_270' title='bbox 846 4019 918 4065; x_wconf 90' lang='lat' dir='ltr'>rum</span> <span class='ocrx_word' id='word_1_271' title='bbox 941 4019 983 4068; x_wconf 87' lang='lat' dir='ltr'>ex</span> <span class='ocrx_word' id='word_1_272' title='bbox 1005 4002 1221 4068; x_wconf 85' lang='lat' dir='ltr'>accusatione</span> <span class='ocrx_word' id='word_1_273' title='bbox 1244 4002 1381 4068; x_wconf 89' lang='lat' dir='ltr'>Martini</span> <span class='ocrx_word' id='word_1_274' title='bbox 1409 3999 1471 4078; x_wconf 83' lang='lat' dir='ltr'>ipse</span> 
     </span>
     <span class='ocr_line' id='line_1_34' title="bbox 291 4102 1472 4188; baseline -0.007 -19"><span class='ocrx_word' id='word_1_275' title='bbox 291 4121 356 4169; x_wconf 92' lang='lat' dir='ltr'>non</span> <span class='ocrx_word' id='word_1_276' title='bbox 381 4109 472 4170; x_wconf 87' lang='lat' dir='ltr'>esset</span> <span class='ocrx_word' id='word_1_277' title='bbox 495 4105 684 4188; x_wconf 87' lang='lat' dir='ltr'>ahsolutus;</span> <span class='ocrx_word' id='word_1_278' title='bbox 713 4107 800 4185; x_wconf 86' lang='lat' dir='ltr'>quod</span> <span class='ocrx_word' id='word_1_279' title='bbox 823 4103 948 4171; x_wconf 86' lang='lat' dir='ltr'>factum</span> <span class='ocrx_word' id='word_1_280' title='bbox 972 4111 1025 4172; x_wconf 91' lang='lat' dir='ltr'>est</span> <span class='ocrx_word' id='word_1_281' title='bbox 1055 4113 1090 4172; x_wconf 92' lang='lat' dir='ltr'>et</span> <span class='ocrx_word' id='word_1_282' title='bbox 1119 4105 1154 4172; x_wconf 90' lang='lat' dir='ltr'>in</span> <span class='ocrx_word' id='word_1_283' title='bbox 1184 4106 1361 4172; x_wconf 88' lang='lat' dir='ltr'>sententia.</span> <span class='ocrx_word' id='word_1_284' title='bbox 1390 4102 1472 4169; x_wconf 78' lang='lat' dir='ltr'>Tunc</span> 
     </span>
     <span class='ocr_line' id='line_1_35' title="bbox 286 4208 1471 4294; baseline -0.005 -20"><span class='ocrx_word' id='word_1_285' title='bbox 286 4208 391 4274; x_wconf 87' lang='lat' dir='ltr'>etiam</span> <span class='ocrx_word' id='word_1_286' title='bbox 415 4209 582 4273; x_wconf 88' lang='lat' dir='ltr'>Martinus</span> <span class='ocrx_word' id='word_1_287' title='bbox 606 4209 784 4290; x_wconf 87' lang='lat' dir='ltr'>quaesivit,</span> <span class='ocrx_word' id='word_1_288' title='bbox 816 4216 925 4275; x_wconf 90' lang='lat' dir='ltr'>utrum</span> <span class='ocrx_word' id='word_1_289' title='bbox 950 4210 1050 4277; x_wconf 88' lang='lat' dir='ltr'>etiam</span> <span class='ocrx_word' id='word_1_290' title='bbox 1080 4210 1153 4294; x_wconf 91' lang='lat' dir='ltr'>ipse</span> <span class='ocrx_word' id='word_1_291' title='bbox 1183 4230 1225 4277; x_wconf 86' lang='lat' dir='ltr'>ex</span> <span class='ocrx_word' id='word_1_292' title='bbox 1255 4211 1360 4292; x_wconf 87' lang='lat' dir='ltr'>prima</span> <span class='ocrx_word' id='word_1_293' title='bbox 1387 4221 1471 4273; x_wconf 88' lang='lat' dir='ltr'>accu-</span> 
     </span>
     <span class='ocr_line' id='line_1_36' title="bbox 289 4310 1471 4399; baseline -0.007 -20"><span class='ocrx_word' id='word_1_294' title='bbox 289 4312 422 4380; x_wconf 88' lang='lat' dir='ltr'>satione</span> <span class='ocrx_word' id='word_1_295' title='bbox 444 4312 601 4396; x_wconf 85' lang='lat' dir='ltr'>Fridrici,</span> <span class='ocrx_word' id='word_1_296' title='bbox 625 4314 679 4380; x_wconf 90' lang='lat' dir='ltr'>oni</span> <span class='ocrx_word' id='word_1_297' title='bbox 702 4317 846 4382; x_wconf 89' lang='lat' dir='ltr'>nondum</span> <span class='ocrx_word' id='word_1_298' title='bbox 869 4316 1094 4382; x_wconf 89' lang='lat' dir='ltr'>renuntiatum</span> <span class='ocrx_word' id='word_1_299' title='bbox 1118 4324 1218 4399; x_wconf 88' lang='lat' dir='ltr'>esset,</span> <span class='ocrx_word' id='word_1_300' title='bbox 1250 4333 1317 4382; x_wconf 90' lang='lat' dir='ltr'>non</span> <span class='ocrx_word' id='word_1_301' title='bbox 1348 4310 1471 4382; x_wconf 84' lang='lat' dir='ltr'>deberet</span> 
     </span>
    </p>
   </div>
   <div class='ocr_carea' id='block_1_9' title="bbox 0 0 1645 5009">
    <p class='ocr_par' dir='ltr' id='par_1_10' title="bbox 0 0 1645 5009">
     <span class='ocr_line' id='line_1_37' title="bbox 0 0 1645 5009; baseline 0 0"><span class='ocrx_word' id='word_1_302' title='bbox 0 0 1645 5009; x_wconf 95' lang='lat' dir='ltr'> </span> 
     </span>
    </p>
   </div>
  </div>
 </body>
</html>
