3275 5009
275 343 312 395 54
792 340 959 395 Sententiae

274 546 515 614 arbitrationes
538 554 574 615 et
595 546 787 615 amicabiles
811 548 1039 615 ordinationes
1063 550 1236 617 servandis
1268 555 1475 629 quaerentes

276 651 394 719 taliter
415 656 496 718 sunt
518 650 691 741 instructi:

378 756 559 836 Postquam
582 754 720 824 arbitris
744 773 847 823 causa
869 760 923 823 est
946 756 1129 837 commissa,
1151 760 1233 823 tunc
1248 762 1406 838 quantum
1425 761 1475 825 ad

273 858 381 941 ipsam
404 860 590 927 auctoritas
617 859 740 944 jndicis
769 860 947 944 expiravit,
978 860 1054 940 quia
1086 863 1126 929 de
1158 864 1292 928 caetero
1318 880 1384 928 non
1415 868 1472 929 est

277 982 338 1047 per
371 966 548 1047 strepitum
579 965 707 1049 jndicii,
739 966 799 1032 sed
830 984 892 1047 per
920 964 1096 1033 arbitrium
1127 966 1326 1049 decidenda;
1356 971 1475 1049 potest

271 1072 385 1136 tamen
404 1070 509 1155 judex
531 1069 689 1155 arbitros,
718 1069 747 1136 si
770 1069 983 1154 negligentes
1005 1069 1141 1155 fuerint,
1168 1072 1211 1137 ad
1234 1088 1356 1138 causae
1380 1072 1471 1138 deci·

273 1172 398 1241 sionem
421 1172 510 1240 infra
532 1171 604 1240 dies
628 1173 881 1255 quatuordecim
908 1174 1095 1241 faciendam
1125 1178 1160 1241 et
1189 1173 1364 1242 arbitrium
1394 1194 1476 1257 pro·
1600 1246 1601 1275 ,

274 1278 503 1362 nuntiandum,
537 1282 716 1361 partesque
751 1278 928 1346 arbitrium
962 1278 1233 1346 contradicentes
1256 1281 1299 1345 ad
1322 1298 1474 1361 poenam,

274 1386 340 1464 qua
362 1382 524 1450 vallatum
545 1381 620 1465 fuit,
641 1384 835 1450 solvendam
858 1382 1056 1465 compellere
1077 1383 1210 1468 justitia
1232 1383 1410 1451 mediante.

378 1487 465 1553 Item
489 1487 611 1554 arbitri
633 1489 836 1555 concordare
859 1504 926 1553 non
949 1488 1111 1569 volentes,
1126 1488 1169 1553 da
1185 1487 1323 1554 consilio
1339 1487 1474 1570 arbitri,

276 1609 371 1673 quem
394 1589 520 1674 eligere
543 1597 693 1675 possunt,
715 1592 771 1658 vel
792 1593 835 1657 de
859 1590 996 1658 consilio
1022 1593 1212 1676 juratorum
1244 1590 1477 1675 communiter,

274 1696 362 1777 quod
382 1695 495 1779 rogati
517 1695 552 1762 in
575 1695 773 1778 maniioquio
796 1695 846 1762 eis
871 1694 1084 1773 exhibebunt,
1116 1713 1247 1762 causam
1278 1695 1361 1777 ipsis
1386 1714 1472 1761 com·

274 1801 411 1867 missam
432 1799 507 1867 sine
530 1798 643 1867 debito
666 1799 907 1867 terminabunt.

379 1904 467 1971 Item
491 1922 585 1972 omne
609 1904 783 1973 arbitrium
807 1903 997 1972 vallandum
1028 1909 1081 1970 est
1111 1906 1226 1987 poena,
1257 1902 1350 1987 quus
1380 1909 1474 1970 metu

276 2014 392 2093 partes
416 2011 460 2075 ad
482 2008 554 2092 eJ'us
577 2008 853 2077 ratihabitionem
876 2013 1049 2093 cogantur.

380 2113 468 2180 Item
490 2114 520 2181 si
542 2112 635 2180 facta
658 2113 929 2196 pronuntiatione
950 2110 1083 2181 arbitrii
1099 2112 1223 2196 statim,
1239 2111 1293 2179 vel
1309 2129 1477 2194 unapars

277 2217 331 2284 vel
348 2219 464 2284 ambae
483 2222 599 2300 partes
616 2220 720 2300 ipsum
736 2218 1006 2300 reclamaverint,
1022 2217 1094 2283 sine
1110 2216 1303 2283 remissione
1330 2233 1473 2298 poenam

276 2309 410 2388 solvant
432 2325 468 2387 et
490 2322 642 2389 arbitrio·
654 2327 786 2390 cessato
802 2327 838 2389 in
854 2340 955 2389 causa
971 2323 1162 2405 procedant,
1179 2322 1266 2389 sicut
1282 2322 1323 2387 de
1336 2318 1475 2405 justitia

274 2424 376 2492 iuerit
399 2426 653 2507 procedendum.
677 2425 713 2492 Si
735 2431 846 2494 autem
869 2430 985 2509 partes
1008 2426 1125 2493 audita
1147 2425 1420 2508 pronuntiatione
1437 2423 1475 2489 in

275 2528 452 2596 arbitrium
471 2529 713 2614 consenserint,
735 2537 817 2598 tnnc
840 2533 1133 2599 nonobstantibus
1150 2529 1477 2598 contradictionibus

275 2639 311 2701 et
333 2632 626 2701 reclamationibus
649 2635 910 2719 quibuscunque,
934 2653 1016 2717 quas
1039 2640 1156 2717 postea
1178 2633 1330 2716 fecerint,
1354 2651 1476 2715 super-

274 2738 459 2822 arbitrium,
481 2755 590 2820 poena
612 2739 762 2823 gratiose
784 2735 905 2823 soluta,
928 2739 962 2805 in
987 2757 1045 2805 suo
1069 2741 1187 2805 robore
1210 2738 1428 2820 permanebit.

277 2915 279 2918 ,
379 2842 486 2925 Unde,
510 2861 583 2910 cum
606 2844 890 2912 adbreviandum
913 2843 1000 2922 lites,
1024 2844 1156 2910 labores
1185 2846 1220 2907 et
1243 2858 1408 2923 expensas
1437 2845 1477 2905 et

275 2945 399 3029 fatigas
422 2946 568 3028 partium
592 2948 638 3014 sit
659 2949 703 3014 ad
724 2947 872 3016 arbitros
902 2948 1149 3030 recurrendum,
1179 2947 1302 3012 debent
1333 2943 1475 3011 discreti
1604 2986 1605 2989 ,

277 3050 397 3117 arbitri
431 3068 506 3118 cum
536 3054 677 3118 emenda
715 3052 846 3119 bursali
875 3052 1051 3120 arbitrium
1082 3051 1116 3116 in
1146 3049 1245 3117 factis
1276 3048 1407 3133 magnis
1438 3046 1475 3114 et
1604 3136 1605 3149 ἵ

276 3154 391 3221 arduis
414 3154 518 3220 etiam
548 3159 656 3238 poena
686 3175 784 3224 casus
806 3162 842 3223 et
865 3156 1065 3240 privationis
1098 3154 1200 3220 omnis
1227 3152 1322 3239 juris,
1350 3170 1476 3218 causae

275 3246 392 3324 totalis
416 3258 553 3325 vallare.
584 3260 731 3345 (Timore
757 3278 900 3343 namque
922 3260 1001 3327 talis
1025 3276 1152 3342 poenae
1175 3257 1349 3325 arbitrium
1375 3257 1473 3323 finem
1604 3324 1605 3329 ,

273 3363 422 3430 debitum
446 3363 663 3443 consequitur
682 3372 718 3430 et
733 3366 837 3432 omnis
864 3384 1041 3449 processus
1052 3362 1139 3447 jnris
1157 3367 1191 3429 et
1203 3361 1324 3447 judicii
1340 3361 1478 3427 tollitur
1604 3402 1605 3409 ι

227 3503 229 3507 -
274 3472 310 3532 et
332 3466 533 3548 simpliciter
554 3466 797 3553 submovetur.)
1604 3462 1605 3471 ’

377 3607 429 3673 83.
455 3602 541 3692 (Bc.)
563 3604 714 3679 Qualiter
736 3608 868 3672 manda
888 3617 918 3672 et
929 3628 1037 3692 pocae
1052 3603 1190 3671 arbitrii
1202 3612 1247 3667 ait
1263 3603 1472 3669 moderanda.

277 3707 526 3776 Sententiatum
558 3716 628 3777 est:
659 3711 695 3777 Si
719 3716 834 3793 partes
858 3729 918 3795 per
940 3729 977 3779 se
999 3710 1055 3779 vel
1078 3708 1234 3776 cautione
1264 3706 1476 3791 fidejussoris

278 3830 398 3897 magna
421 3830 538 3898 poena,
560 3818 643 3895 puta
666 3819 800 3881 centum
828 3834 1022 3898 marcarum,
1052 3817 1096 3882 ad
1126 3813 1326 3881 servandam
1357 3828 1473 3892 pacem

276 3916 367 3984 inter
389 3916 481 3997 ipsas
504 3917 623 3999 posita,
652 3916 707 3985 vel
736 3937 795 4001 per
819 3918 993 3986 arbitrium
1024 3917 1212 3985 ordinatum
1243 3915 1475 3999 stringuntur:

276 4038 343 4088 non
366 4024 509 4102 oportet,
532 4022 620 4100 quod
635 4022 747 4103 aliqua
762 4039 875 4088 earum
889 4021 1014 4089 leviter
1029 4022 1195 4088 excedens
1211 4023 1316 4085 totam
1334 4036 1472 4100 poenam

277 4124 331 4195 vel
353 4125 525 4191 emendam
547 4125 666 4203 solvat,
684 4125 749 4191 imo
764 4126 860 4210 juxta
876 4125 1069 4206 qualitatem
1086 4142 1244 4192 excessus
1260 4128 1313 4189 est
1329 4124 1472 4189 emenda

277 4230 459 4296 secundum
470 4227 659 4309 juratorum
675 4227 914 4296 conscientiam
931 4231 1142 4297 moderanda.
1162 4226 1266 4295 Primi
1282 4226 1369 4293 enim
1384 4225 1469 4294 arbi·

276 4337 425 4401 tratores
448 4348 565 4412 pacem
583 4332 673 4399 inter
688 4336 804 4413 partes
815 4337 979 4413 ponentes
994 4351 1084 4400 more
1103 4332 1290 4415 sapientum
1308 4333 1351 4396 ad
1368 4331 1474 4415 majus
