3275 5009
235 367 287 419 308
754 368 902 420 Addenda:

235 579 271 643 in
305 576 492 660 privilegiis
527 578 648 661 jurium
686 580 837 647 civitatis
877 581 1067 664 conscripta
1101 599 1202 662 super
1235 581 1431 647 excessibus

235 682 439 764 quibuslibet
463 688 586 766 essent,
610 685 651 750 de
672 685 726 750 his
749 686 850 751 etiam
873 686 946 768 ipse
969 686 1158 752 contentari
1175 686 1322 752 deberet.
1348 682 1430 771 (lb.)

340 816 395 882 86.
419 815 478 880 De
501 817 674 881 emenda
697 816 825 899 regis.
848 817 890 883 It.
911 817 1143 901 interrogante
1160 818 1272 883 eodem
1291 816 1431 899 domino,

236 940 308 987 cum
328 920 384 1002 Jus
401 918 491 1002 regis
507 918 613 1001 majus
629 927 721 987 esset
735 940 832 1000 quam
845 921 900 1002 jus
916 920 1024 1003 civile,
1041 928 1152 986 utrum
1167 938 1233 987 non
1249 922 1428 985 secundum

238 1028 300 1092 hoc
322 1026 482 1091 emendae
501 1024 587 1106 juris
610 1025 695 1107 regii
719 1029 878 1091 emendas
898 1026 982 1107 juris
1011 1026 1119 1091 civilis
1142 1026 1176 1091 in
1199 1025 1429 1109 magnitudine

238 1132 401 1198 excedere
413 1148 479 1194 non
490 1128 675 1195 deberent?
692 1128 937 1195 Sententiatum
954 1129 1026 1212 fuit,
1042 1132 1127 1211 quod
1140 1132 1263 1213 juratis
1279 1129 1430 1197 civitatis

237 1242 405 1316 tamquam
430 1233 573 1318 subditis
596 1236 676 1299 dom.
701 1236 792 1317 regis
816 1253 882 1300 non
906 1239 996 1301 esset
1015 1235 1143 1300 licitum
1170 1235 1298 1315 aliqua's
1325 1251 1430 1301 nouas

238 1343 394 1408 emendas
404 1340 546 1423 majores
557 1339 630 1419 illis,
640 1357 723 1419 quas
732 1339 965 1421 inprivilegiis
972 1338 1097 1421 jurium
1107 1340 1256 1407 civitatis
1268 1342 1308 1405 de
1318 1340 1431 1422 gratia

177 1520 180 1524 ,
237 1444 327 1527 regis
351 1446 415 1512 sibi
437 1444 585 1510 indultas
609 1444 815 1525 conscriptas
840 1445 1012 1529 haberent,
1036 1446 1165 1511 dictare
1189 1444 1242 1511 vel
1262 1444 1433 1525 invenire,

238 1567 310 1615 cum
332 1548 470 1615 inferior
492 1548 527 1613 in
550 1550 752 1628 superiorem
776 1549 951 1631 imperium
979 1568 1044 1615 non
1073 1551 1196 1616 habeat
1226 1568 1288 1615 nec
1320 1550 1431 1614 subdi-

237 1657 346 1722 torum
362 1657 453 1719 esset
469 1653 537 1718 suis
552 1653 732 1737 majoribus
747 1655 857 1737 legem
868 1654 1044 1734 imponere,
1058 1656 1117 1719 sed
1130 1672 1147 1719 6
1161 1672 1331 1721 converso.
1349 1652 1431 1739 (16.)

340 1785 395 1852 87.
426 1784 484 1849 De
515 1786 667 1849 eodem.
700 1783 742 1851 It.
772 1785 959 1865 quaesitum
993 1784 1057 1851 init
1079 1804 1099 1851 a
1122 1784 1212 1850 dicto
1237 1784 1365 1849 domino
1388 1785 1431 1849 de

239 1888 362 1969 Lippa:
385 1887 438 1952 Ex
462 1905 525 1967 quo
549 1887 775 1953 Chuttnenses
797 1890 987 1955 sententias
1010 1892 1045 1953 et
1064 1888 1140 1971 jura
1163 1908 1223 1954 sua
1246 1889 1279 1954 in
1298 1886 1431 1970 Iglavia

239 1997 451 2075 quaererent,
485 1994 520 2056 68
542 1990 608 2071 ipsi
630 1994 712 2057 dom.
737 1995 809 2074 regi
845 1993 899 2060 vel
933 1994 1004 2076 ejus
1039 1993 1163 2059 vicario
1197 2011 1257 2073 pro
1293 1992 1429 2057 emenda

239 2097 357 2163 minori
380 2097 413 2160 X
437 2114 565 2161 marcas
597 2097 852 2175 sententiarum,
882 2102 993 2163 utrum
1021 2116 1087 2162 non
1118 2098 1204 2163 idem
1235 2098 1270 2163 in
1300 2094 1431 2179 Iglavia

212 2201 312 2267 ‘fieri
335 2199 481 2267 debeat?
504 2200 699 2282 Superque
722 2202 962 2267 sententiatum
987 2201 1060 2283 init,
1084 2203 1171 2281 quod
1195 2202 1434 2281 Ghuttnenses,

240 2307 270 2372 si
292 2308 354 2372 hoc
384 2305 545 2388 iacerent,
579 2324 643 2372 non
671 2308 733 2390 jue,
757 2308 814 2371 sed
850 2307 968 2372 malam
1003 2305 1275 2372 consuetudinem
1309 2307 1344 2371 in
1369 2306 1433 2371 boc

240 2415 431 2490 servarent3
446 2412 534 2476 unde
556 2428 627 2475 cum
644 2411 731 2475 mala
747 2412 951 2476 consuetudo
967 2428 1032 2475 nnn
1049 2430 1107 2491 pro
1124 2411 1198 2493 lege
1216 2409 1261 2474 sit
1276 2411 1434 2491 tenenda,

240 2517 298 2580 sed
337 2518 503 2593 tamquam
541 2514 731 2595 corruptela
770 2514 998 2596 exstirpanda,
1043 2517 1123 2581 dom.
1171 2534 1229 2581 rex
1267 2514 1321 2579 vel
1360 2514 1432 2596 ejus

239 2617 387 2684 vicarius
410 2619 606 2709 quicumque
630 2621 809 2685 secundum
830 2622 885 2703 jus
908 2620 1057 2687 civitatis
1082 2620 1205 2704 judicio
1228 2618 1434 2699 praesidens,

239 2723 274 2787 in
297 2722 443 2788 emendis
474 2722 685 2806 quibuslibet,
720 2743 805 2803 quae
839 2724 873 2789 in
908 2724 1094 2809 privilegiis
1125 2724 1245 2807 jurium
1280 2722 1433 2789 civitatis

241 2831 409 2909 notantur,
432 2828 621 2893 contentari
647 2833 812 2895 tenentur.
837 2828 918 2914 (17.)

343 2959 397 3025 88.
423 2958 480 3024 116
502 2958 1017 3026 intimationeadventus
1034 2958 1272 3025 camerarii.
1288 2957 1330 3023 It.
1347 2963 1432 3024 sent.

241 3070 294 3131 est
317 3064 425 3130 eidem
441 3065 570 3131 domino
588 3066 629 3130 de
645 3064 762 3147 Lippa,
779 3065 864 3143 quod
882 3064 1027 3129 vicarius
1044 3067 1073 3130 d.
1090 3062 1179 3149 regis
1196 3064 1325 3130 nomine
1342 3061 1434 3145 regis

240 3172 275 3237 in
300 3168 438 3236 civitate
459 3170 584 3254 judicio
608 3169 801 3250 praesidere
824 3169 939 3234 volens
963 3171 1005 3234 ud
1022 3168 1128 3233 minus
1140 3168 1245 3251 judici
1261 3174 1297 3235 68
1310 3168 1437 3249 juratis

241 3274 368 3358 6811116,
385 3280 501 3341 contra
519 3292 600 3355 quos
617 3274 721 3340 babet
736 3274 909 3356 placitare,
932 3274 1108 3339 terminum
1125 3274 1219 3339 unius
1237 3272 1435 3352 quindenae,

242 3384 305 3448 hoc
321 3385 374 3446 est
389 3382 527 3445 duarum
542 3380 830 3460 hebdomadarum,
853 3379 1039 3461 praefigere
1055 3382 1155 3445 debet
1171 3385 1207 3444 68
1222 3379 1291 3444 suis
1309 3377 1436 3443 litteris

240 3487 396 3553 intimare
419 3488 454 3549 68
472 3483 602 3564 juratos
623 3484 763 3548 aliarum
778 3482 962 3566 civitatum,
979 3485 1007 3549 si
1023 3502 1124 3550 causa
1141 3484 1254 3567 gravis
1271 3482 1382 3562 fuerit,
1399 3486 1436 3547 68

242 3589 421 3671 praecipue
444 3588 583 3669 illarum,
607 3606 690 3667 quae
714 3590 827 3676 eodem
852 3606 916 3667 quo
940 3590 1047 3653 utitur
1070 3587 1200 3670 civitas,
1221 3585 1255 3652 in
1279 3605 1342 3665 qua
1361 3586 1435 3650 vult

242 3694 414 3777 placitare,
428 3697 568 3758 utuntur
579 3694 664 3776 jure,
680 3692 745 3758 sibi
760 3710 938 3775 assumere,
955 3694 1021 3759 nisi
1036 3693 1122 3759 forte
1139 3712 1180 3760 ex
1197 3693 1305 3758 causis
1318 3691 1436 3757 arduis

242 3798 451 3881 negotiorum
463 3797 554 3880 regis
567 3796 727 3861 vicarium
741 3795 940 3875 quindenam
953 3801 1124 3878 oporteret
1137 3796 1341 3878 praevenire.
1352 3794 1435 3881 (18.)

345 3930 399 3997 89.
424 3928 503 3993 Ein
528 3928 661 3993 urtail
688 3931 779 3995 umb
797 3928 1435 3996 einvolleistaneinemtoten.

242 4033 368 4100 Divon
384 4032 504 4114 Eylaw
520 4030 677 4098 schriben
693 4034 780 4099 also:
802 4032 868 4099 Ein
892 4054 965 4100 man
990 4052 1088 4113 quam
1110 4032 1165 4099 fur
1182 4051 1243 4098 vus
1259 4035 1327 4097 und
1344 4034 1437 4115 clagt

242 4136 303 4202 auf
321 4137 420 4204 einen
443 4139 570 4203 andern
592 4157 669 4202 man
695 4140 768 4203 umb
793 4139 848 4203 ein
871 4138 1005 4204 volleist
1029 4156 1071 4202 an
1088 4138 1193 4203 einem
1210 4141 1306 4203 toten
1323 4137 1436 4203 seinos

241 4241 372 4307 kindes.
406 4240 475 4305 Des
509 4241 631 4321 sprach
666 4242 720 4307 ein
754 4244 858 4307 ander
894 4242 1064 4324 gemeiner
1098 4261 1181 4316 man,
1212 4242 1272 4305 der
1304 4243 1346 4307 do
1370 4260 1435 4324 pey

243 4346 358 4410 stund:
384 4344 458 4429 ,Du
481 4350 553 4410 tust
575 4365 629 4426 ym
653 4366 714 4429 gar
737 4347 849 4427 recht;
873 4365 910 4411 er
928 4347 974 4412 ist
990 4347 1023 4411 di
1040 4347 1113 4412 weil
1130 4346 1259 4412 deheim
1276 4364 1434 4430 genesen
