3275 5009
682 373 850 428 Bruuenses.
1311 377 1365 432 213

264 580 326 644 541
332 631 339 645 ,
364 577 452 665 (Br.)
476 579 525 642 De
536 601 644 664 poena
662 578 754 642 illiue
771 583 828 663 qui
842 581 940 642 minis
952 580 1226 665 praecedentibus
1243 582 1364 648 occulte

134 685 373 748 homicidium
390 683 505 764 facere
527 684 769 750 machinaretur.

264 787 337 852 542.
361 784 452 874 (Br)
477 787 527 849 De
545 806 655 869 poena
670 784 818 868 falsarii
842 785 1036 853 litterarum.

264 891 338 956 543.
360 889 446 976 (er.)
469 889 519 950 De
537 911 646 973 poe-na
661 887 809 970 falsarii
830 891 1039 954 denariorum
1062 903 1092 955 et
1114 903 1266 960 monetae.

263 995 409 1080 544(Β
411 991 452 1078 r.)
411 992 523 1056 rDe
530 1015 638 1077 poema
652 991 873 1057 subtrahentis
885 1006 1120 1060 sacramentum
1132 999 1365 1065 eucharistiae.
1377 1041 1379 1048 -

263 1099 338 1163 545.
360 1097 448 1184 (Br.)
472 1097 523 1160 De
541 1119 650 1182 poema
670 1097 849 1184 sacrileqii.

264 1204 339 1269 546.
362 1201 454 1289 (Br.)
476 1202 527 1265 De
548 1224 653 1286 poena
669 1201 840 1287 falsorum
863 1203 1067 1269 taxillorum.

263 1305 339 1371 547.
363 1303 455 1392 (Br.)
479 1306 529 1368 De
545 1327 655 1388 poema
679 1307 784 1370 tradit
772 1308 853 1368 toris
869 1305 951 1388 filii

287 1408 437 1490 48.(.Β1
477 1409 527 1472 De
549 1430 654 1494 poeria
670 1408 979 1494 falsificationisl
950 1433 1064 1477 eoves

260 1514 338 1578 549.
363 1509 410 1599 (Β
414 1512 452 1600 r)
476 1513 526 1576 De
546 1535 654 1597 poeno
670 1514 767 1598 furti
788 1516 880 1598 apreel
903 1513 1043 1599 aliquem
1068 1519 1198 1585 inuenti.

263 1615 408 1696 .(Β
410 1641 427 1678 1

264 1725 340 1788 551.
365 1721 438 1809 (Br.
479 1723 529 1786 De
547 1742 655 1806 poeria
680 1722 896 1803 deficienti's
882 1746 916 1785 ru
940 1725 1121 1788 testimonio
1135 1720 1239 1809 furti.

264 1825 438 1904 552.(Β1.
483 1824 1243 1909 06166161616116111111511111,11166661.

165 1969 168 1974 ·
265 1931 341 1996 553.
364 1929 451 2016 (Br.)
473 1929 523 1992 Do
517 1951 651 2014 ¹'poitur
673 1940 782 1992 reatus
806 1931 1020 2014 capitalitio
1032 1956 1155 2018 periere

266 2036 339 2100 554.
363 2033 429 2120 <er
430 2038 449 2114 .)
473 2033 523 2096 De
544 2042 685 2118 poemat
673 2031 808 2096 talionis
831 2044 908 2098 et
876 2037 990 2120 judici
1006 2039 1207 2120 opponentis.

268 2142 341 2204 555.
367 2138 455 2226 (Β1.)
482 2139 532 2202 De
550 2159 660 2222 poema
683 2137 829 2220 talionis,
853 2137 996 2223 qualiter
1018 2139 1204 2222 deficiens
1189 2162 1224 2203 m
1238 2143 1363 2206 actione

140 2243 335 2312 criminali
356 2243 401 2308 acl
423 2265 491 2307 eam
515 2264 578 2304 mou
602 2253 756 2308 teneatur.

267 2350 339 2413 556.
364 2347 453 2435 (Br.)
476 2348 527 2411 De
551 2369 662 2432 poena
691 2348 829 2410 leminis
861 2349 919 2432 qui
937 2351 1072 2432 juratos
1101 2369 1209 2413 coram
1230 2352 1362 2436 judicio

139 2456 245 2522 dicit
269 2453 436 2516 mendaces
459 2461 516 2518 etc.

247 2558 340 2636 557.
364 2554 454 2643 (Br.)
477 2557 528 2620 De
543 2577 655 2640 poena
677 2558 838 2619 seruantis
866 2565 895 2619 et
918 2555 1099 2642 collipemtie
1125 2560 1361 2644 proscriptum.

267 2662 340 2727 558.
364 2659 452 2746 (Β1.)
476 2660 526 2723 De
550 2680 655 2744 poema
677 2661 881 2722 matrimonii
901 2662 1121 2726 contrahendi.

267 2765 341 2829 559.
364 2763 453 2851 (Br.)
477 2764 527 2828 De
546 2785 665 2847 poena,
690 2785 770 2848 quae
793 2764 918 2827 elicitur
943 2765 1154 2848 „milerrel“.

431 1617 529 1704 .)De
547 1639 655 1702 poena
670 1618 802 1702 furtive
828 1621 1002 1684 mactantis
1023 1642 1154 1704 pecora

408 2919 661 3002 Capitulum
683 2919 746 2987 LI:
777 2919 836 2986 De
858 2917 1118 3004 pignoribus.

269 3052 342 3116 560.
353 3051 404 3112 De
413 3049 609 3133 pictoribus
623 3051 786 3133 inponere.
799 3050 1032 3119 Persolutioue
1043 3049 1192 3134 pignoris
1206 3052 1361 3137 obmissis,

147 3156 334 3224 debitores
378 3156 510 3221 actione
544 3154 713 3236 personali
747 3154 927 3222 convenire
965 3154 1113 3223 creditor
1147 3155 1262 3241 urgeri
1295 3175 1362 3224 nou

156 3265 287 3344 potest
324 3260 366 3325 It.
388 3258 423 3342 iu
446 3276 573 3326 summa
605 3257 712 3325 debiti
745 3258 993 3341 computabitur
1015 3261 1058 3326 ad
1080 3258 1167 3326 idem
1191 3260 1293 3326 etiem
1317 3261 1361 3344 id,

149 3365 253 3447 quod
269 3368 406 3446 propter
425 3361 656 3444 possessiones
672 3361 805 3446 pignori
820 3363 929 3445 datas,
945 3365 988 3429 ad
1005 3361 1214 3429 collationem
1230 3363 1361 3431 viarum

159 3468 419 3538 muniendarum
453 3467 507 3533 vel
530 3467 617 3548 quod
639 3466 729 3534 aliud
761 3467 955 3547 obsequium
983 3468 1222 3552 praestitisset,
1255 3468 1360 3534 creli-

153 3581 272 3654 torem
296 3571 497 3640 constiterit.

269 3704 330 3766 561
335 3750 357 3784 .‚
374 3703 446 3768 562.
462 3701 512 3764 De
523 3698 721 3784 plurioribus
738 3698 990 3764 teloneatoribus
1006 3700 1104 3766 (lotis.
1126 3700 1196 3767 Res
1213 3706 1249 3767 et
1271 3703 1359 3770 bona

153 3807 210 3875 ad
232 3807 337 3874 locum
359 3805 485 3873 telonei
500 3805 653 3888 deducta,
668 3808 748 3871 sunt
762 3803 965 3871 teloneatori
980 3822 1039 3887 pro
1056 3804 1222 3873 solutione
1237 3805 1359 3873 tributi

159 3913 201 3980 in
223 3910 362 3996 pignore
385 3909 491 3976 tacite
514 3908 668 3990 obligate.
692 3907 898 3992 Quicumque
913 3926 986 3976 cum
1008 3907 1088 3975 fisco
1104 3908 1277 3976 contrahit
1299 3928 1360 3978 seu

160 4014 275 4084 officia
297 4032 430 4082 suorum
453 4012 659 4095 superiorum
682 4012 856 4079 convenit:
879 4012 970 4079 illius
993 4014 1080 4079 bona
1103 4018 1232 4080 certum
1257 4014 1361 4082 estin

159 4120 304 4204 pignore
336 4117 488 4202 obligari,
526 4116 677 4201 quamvis
715 4117 777 4183 hoe
812 4115 1005 4197 specialiter
1041 4134 1107 4182 nou
1144 4117 1360 4200 exprimatur.

156 4223 231 4308 Qui
260 4223 408 4306 praedis,
441 4238 551 4308 agros,
582 4219 698 4288 vineas
729 4220 783 4287 vel
817 4237 872 4290 res
904 4219 1093 4288 consimiles
1125 4221 1184 4286 dat
1220 4220 1361 4305 pignori,

155 4327 295 4396 tructus
317 4343 427 4394 rerum
449 4325 566 4392 talium
589 4322 732 4408 obligari
754 4323 859 4390 tacite
883 4328 1093 4405 reputantur.
1129 4324 1209 4391 Cum
1232 4325 1362 4410 justum
