3275 5009
179 348 235 401 254
704 344 870 399 Sententiae

183 560 223 621 ut
252 554 378 637 mulier,
408 554 485 634 quia
514 553 600 619 levis
628 552 729 619 animi
765 560 819 622 est
853 560 888 619 et
917 552 1123 619 inconstans,
1160 551 1308 617 Aetas:
1341 555 1387 615 ut

180 659 341 740 impubes,
364 659 419 738 qui
443 663 522 725 sunt
544 657 633 724 infra
650 658 742 723 XIV.
758 676 887 741 annum,
915 656 943 722 si
960 662 1039 723 sunt
1054 654 1201 737 masculi,
1217 653 1384 720 foeminae

183 780 264 830 vero
287 761 376 827 infra
399 762 477 828 XII.
500 780 630 828 annum.
660 762 902 828 Discretio:
928 767 967 826 ut
989 760 1143 826 furiosus.
1175 758 1320 825 Fama:
1344 764 1385 823 ut

180 865 324 932 infamis.
355 866 567 933 Fortuna:
592 871 630 931 ut
653 884 782 947 pauper
805 869 992 949 suspectus,
1016 866 1093 945 quia
1115 863 1216 929 iacile
1239 881 1385 928 corrum-

183 970 284 1053 pitur.
307 969 455 1036 Fides:
480 975 519 1035 ut
541 968 703 1052 infidelis;
733 970 853 1037 dubius
885 968 973 1037 enini
996 970 1030 1035 iu
1053 969 1118 1035 fide
1148 966 1290 1036 infidelis
1320 970 1385 1047 est,

181 1079 222 1140 ut
247 1078 326 1140 sunt
344 1074 471 1157 judaei,
489 1075 644 1142 saraceni
660 1082 695 1141 et
711 1074 875 1141 haeretici
892 1079 926 1140 et
943 1091 1054 1141 omues
1070 1073 1167 1139 fidem
1184 1070 1385 1139 catholicam

182 1181 403 1262 abnegantes.
849 1232 854 1242 .
1065 1230 1066 1233 ,

287 1282 330 1362 lt.
353 1283 472 1349 Nullus
494 1282 596 1350 testis
618 1283 653 1348 in
676 1301 778 1373 causa
801 1283 938 1366 propria
961 1299 1036 1349 esse
1060 1284 1172 1363 potest
1195 1277 1257 1367 (Et
1273 1281 1384 1361 palam

179 1392 246 1469 est,
271 1386 363 1452 illam
386 1404 521 1453 causam
545 1404 619 1452 esse
642 1386 819 1470 propriam,
850 1387 943 1471 cujus
974 1385 1219 1457 emolimentum
1241 1386 1285 1450 ad
1307 1383 1384 1451 illos

184 1490 333 1573 pertinet
360 1509 419 1557 suo
443 1489 600 1573 nomine).

288 1611 329 1678 It.
353 1612 467 1709 ludici
499 1611 719 1691 committitur
753 1610 955 1679 examinatio
990 1590 1145 1693 testium,
1170 1611 1250 1691 ¹quia
1283 1614 1383 1677 notus

180 1718 286 1782 debet
309 1734 384 1781 esse
406 1717 517 1797 testis,
540 1717 595 1783 vel
618 1717 738 1783 saltem
763 1722 844 1783 tunc
866 1716 940 1782 lieri
962 1720 1066 1781 notus.

287 1826 410 1904 laihi
436 1838 534 1922 parti,
558 1844 676 1905 contra
700 1858 799 1919 quam
822 1839 1026 1921 producitur,
1054 1839 1154 1905 debet
1177 1855 1252 1904 esse
1274 1841 1386 1919 notus,

181 1947 220 2008 et
245 1943 307 2008 hoc
331 1942 472 2009 maxime
496 1942 685 2011 iunctione
718 1943 895 2026 personali,
928 1960 992 2023 qua
1023 1942 1206 2025 quaeritur,
1236 1960 1278 2007 an
1308 1941 1386 2022 quis

183 2046 378 2130 promiserit
401 2047 456 2113 vel
479 2065 523 2112 an
547 2049 609 2116 hoc
632 2048 773 2130 dixerit3
798 2067 876 2115 nam
897 2046 1006 2125 testis,
1032 2046 1088 2127 qui
1104 2046 1203 2112 alium
1220 2047 1255 2111 in
1272 2045 1383 2127 aliquo

183 2151 280 2217 modo
294 2137 474 2233 obligasse
497 2172 534 2219 se
557 2153 612 2220 vel
635 2154 760 2234 aliquid
784 2152 906 2219 fecisse
930 2151 1021 2235 dicit,
1045 2150 1152 2233 ipsum
1180 2166 1386 2233 cognoscere

181 2256 295 2322 debet.
319 2255 384 2321 Ubi
407 2261 520 2325 autem
542 2258 642 2325 testis
665 2277 731 2326 non
755 2258 840 2325 dicit
862 2260 903 2324 de
924 2245 1129 2341 obligatione
1145 2254 1313 2338 personali
1328 2254 1388 2323 vel

182 2360 226 2424 de
248 2357 350 2441 iacto,
372 2367 452 2428 tuno
474 2380 572 2429 secus
597 2350 674 2429 est(
907 2350 912 2356 ⁵

289 2481 332 2546 It.
356 2481 545 2566 Quaeritur,
568 2502 611 2560 en
635 2483 785 2565 impubes
807 2486 914 2566 pubes
937 2484 1048 2551 iactus
1064 2480 1292 2549 testimonium
1307 2480 1386 2547 red-

185 2587 267 2652 dere
290 2586 399 2667 possit
422 2588 463 2653 de
479 2586 542 2672 his,
558 2606 644 2667 qnae
660 2588 746 2655 vidit
762 2594 913 2669 tempore
925 2585 1180 2671 ,impubertatis3
1196 2589 1232 2651 et
1246 2602 1386 2666 respon·

186 2691 295 2763 uetur,
321 2691 409 2769 quod
432 2691 499 2773 sic;
521 2711 598 2759 nam
623 2695 708 2774 quod
738 2712 805 2761 non
837 2691 1043 2775 prohibetur,
1074 2706 1154 2775 ergo
1185 2687 1388 2775 admittitur,

181 2798 221 2860 et
243 2793 387 2862 incultas
410 2797 734 2877 probationumnou
755 2799 858 2865 debet
880 2796 1065 2881 angustari.

288 2916 331 2981 It.
355 2914 534 2999 Quaeritur
556 2920 597 2984 de
627 2937 675 3002 eo,
705 2920 761 3000 qui
788 2922 857 3005 jam
888 2918 1066 3001 erraverit,
1095 2922 1130 2984 et
1152 2916 1387 2998 respondetur,

182 3022 273 3099 quod
308 3022 409 3097 debet
442 3022 607 3097 removeri
617 3048 631 3104 3.
662 3024 740 3104 quia
774 3024 831 3104 qui
864 3023 967 3103 semel
1001 3020 1106 3091 malus
1142 3020 1215 3105 tuit,
1252 3036 1390 3101 semper

185 3122 410 3205 praesumitur
433 3142 508 3201 esse
531 3126 656 3206 malus,
683 3133 719 3193 et
740 3128 822 3212 licet
845 3132 963 3209 postea
985 3126 1189 3208 poenituerit
1211 3130 1246 3211 et
1269 3123 1387 3207 poeni·

185 3226 326 3295 tentiam
356 3226 421 3293 sibi
450 3228 631 3313 injunctam
662 3231 845 3315 peregerit,
867 3237 987 3312 ,tamen
1016 3233 1124 3313 adhuc
1154 3246 1220 3315 non
1249 3228 1389 3295 vibatur

184 3329 305 3396 tes-tari
336 3349 443 3414 posse,
477 3332 564 3414 quia
588 3333 726 3401 iufamia
760 3342 814 3402 est
848 3335 989 3415 remissa
1023 3336 1133 3421 quoad
1167 3334 1283 3417 Deum,
1315 3351 1387 3401 non

183 3436 295 3515 quoad
318 3437 498 3516 mundum

289 3557 332 3623 It.
369 3558 456 3641 Quid
494 3564 547 3626 est
583 3561 626 3627 de
663 3559 828 3656 homicida
861 3560 915 3629 vel
949 3563 991 3627 de
1025 3561 1110 3645 aliis,
1144 3562 1200 3642 qui
1234 3563 1312 3625 sunt
1348 3560 1387 3625 in

185 3661 319 3729 mortali
357 3668 495 3743 peccato
533 3663 735 3731 constituti?
773 3664 1019 3748 Respondetur,
1057 3666 1144 3745 quod
1177 3683 1243 3731 non
1276 3664 1389 3745 repel-

185 3765 301 3831 luntur
334 3767 410 3850 jure
447 3774 572 3850 nostro,
611 3786 691 3852 ergo
706 3769 958 3854 admittuntur,
981 3770 1073 3852 ,licet
1105 3771 1190 3852 lure
1224 3767 1387 3835 canonico

184 3875 407 3943 remorentur.
494 3943 498 3950 ¹
569 3889 571 3893 “

186 4042 189 4047 .
291 3990 333 4056 It.
364 3989 443 4058 Cum
473 3992 609 4076 dicitur,
636 3995 723 4073 quod
757 3950 867 4061 idonei
902 4013 968 4061 nou
1002 4001 1080 4061 sunt
1114 3998 1231 4078 testes,
1265 3994 1387 4074 quihus

187 4099 300 4176 potest
333 4094 501 4178 imperari,
535 4097 598 4164 hoc
632 4097 784 4182 intellige
822 4118 861 4183 „a
884 4102 1089 4181 producente
1112 4100 1200 4175 eos“,
1237 4098 1389 4177 alioquin

186 4197 300 4315 nullus
342 4199 441 4265 testis
485 4200 625 4267 idoneus
670 4206 771 4285 esset,
817 4202 895 4282 quia
939 4202 1158 4286 magistratus
1205 4207 1317 4286 potest
1352 4200 1388 4269 ei

185 4320 391 4385 praecrpere.
