3275 5009
1392 347 1729 400 Brunenses.
2652 347 2765 401 157

357 557 587 624 occiso
632 556 1008 642 homagium
1052 555 1278 624 facere
1323 561 1394 623 et
1425 558 1695 641 jurare;
1736 553 2061 624 fratribus
2094 561 2316 624 autem
2354 562 2423 625 et
2454 559 2761 642 cognatis

357 661 594 728 uxoris
639 663 725 728 ad
768 660 1147 729 faciendum
1190 661 1569 744 homagium
1613 678 1746 726 non
1786 665 1891 726 est
1921 660 2264 729 astrictus
2295 661 2389 728 Et
2422 672 2528 729 est
2559 664 2767 746 ratio·,

350 765 615 834 fratres
687 766 862 834 enim
920 772 990 833 et
1052 765 1324 851 cognati
1390 764 1616 832 uxoris
1684 762 1884 831 alium
1952 783 2214 833 socrum
2276 783 2359 831 ex
2422 784 2518 850 eo,
2586 768 2762 848 quod

355 873 568 938 vidua
617 873 700 937 ad
747 872 1078 938 secundas
1144 868 1440 936 transire
1510 869 1778 950 nuptias
1843 873 2089 953 potest,
2146 871 2319 937 bene
2377 870 2768 954 habebunt;

355 975 559 1058 pueri
599 979 821 1041 autem
854 981 1110 1057 patrem
1146 979 1266 1041 aut
1295 973 1412 1040 alii
1445 973 1923 1057 consanguinei
1953 973 2097 1040 loco
2130 974 2335 1041 occisi
2367 976 2762 1060 consangui-

354 1098 563 1148 neum
610 1079 812 1145 alium
856 1098 989 1146 non
1033 1081 1394 1146 nabebunt.

578 1220 725 1286 374.
768 1220 870 1283 De
915 1220 1280 1298 homicidio,
1325 1217 1497 1301 quod
1510 1216 1598 1298 fit
1628 1221 2023 1304 wyittando.
2072 1217 2480 1302 Quicumque
2524 1219 2595 1284 in
2633 1220 2764 1302 via,

353 1342 489 1407 per
539 1341 733 1405 quam
779 1323 1077 1390 homines
1125 1322 1395 1390 assidue
1456 1322 1819 1405 ambulant,
1878 1322 2214 1389 volucrem
2275 1322 2607 1407 sagittare
2652 1325 2763 1392 vel

354 1427 700 1510 projicere
748 1427 1000 1509 volem,
1044 1425 1370 1493 hominem
1439 1425 1826 1511 sagittando
1873 1428 1984 1493 vel
2030 1426 2438 1510 projiciendo
2486 1427 2772 1495 occidit:

360 1551 495 1614 pro
544 1531 875 1599 occisione
922 1531 1046 1597 tali
1108 1549 1240 1597 non
1302 1535 1408 1598 est
1469 1529 1615 1598 vita
1677 1530 2062 1614 privanduS,
2126 1549 2250 1597 nec
2316 1532 2387 1597 in
2452 1533 2764 1599 membris

361 1636 672 1718 corporis
733 1635 1160 1719 mutilanduS,
1222 1637 1341 1702 sed
1404 1633 1674 1718 sufficit,
1739 1636 1914 1716 quod
1981 1637 2341 1702 secundum
2408 1640 2764 1719 proborum

351 1741 665 1809 virorum
711 1739 1197 1807 ordinationem
1253 1738 1658 1823 satisfaciat,
1712 1744 1912 1823 prout
1970 1739 2100 1807 sibi
2164 1739 2482 1822 possibile
2541 1740 2772 1824 fuerit,

353 1849 440 1912 et
488 1847 854 1926 componet.
900 1842 1034 1909 Sed
1078 1842 1139 1908 si
1182 1843 1572 1910 mettercius
1621 1841 2034 1910 credibilium
2080 1843 2354 1910 testium
2417 1845 2765 1912 convictus

352 1948 596 2031 fuerit,
664 1949 838 2029 quod
905 1952 1203 2029 tempore
1271 1947 1728 2029 sagittationis
1796 1947 1906 2014 vel
1961 1947 2390 2030 projectionis
2435 1948 2765 2015 hominem

357 2052 548 2122 vidit
607 2056 677 2117 et
737 2052 912 2132 quod
972 2069 1094 2117 nec
1156 2051 1488 2134 sagittare
1549 2069 1673 2118 nec
1733 2050 2062 2135 projicere
2107 2051 2504 2118 inclamatus
2560 2058 2770 2138 esset,

356 2156 756 2224 sententiae
821 2155 1065 2238 capitis
1133 2155 1524 2236 subjacebit.
1586 2155 1780 2238 Item,
1846 2155 1914 2223 in
1983 2155 2113 2239 via,
2182 2175 2376 2238 quam
2446 2158 2762 2224 continue

359 2261 674 2328 homines
718 2260 1012 2326 transire
1056 2264 1568 2342 consueverunt,
1614 2260 1793 2326 sicut
1825 2259 2031 2326 estin
2061 2259 2276 2327 medio
2322 2260 2767 2328 habitationis

358 2365 726 2447 hominum,
771 2364 1168 2446 quicumque
1211 2365 1599 2446 sagittando
1646 2364 1756 2431 vel
1802 2363 2210 2450 projiciendo
2257 2364 2365 2432 vel
2412 2365 2541 2432 alio
2575 2368 2772 2434 modo

358 2487 643 2554 operam
666 2469 768 2536 rei
790 2465 1071 2535 illicitae
1097 2470 1271 2551 dato,
1290 2468 1621 2535 hominem
1656 2467 2009 2535 occiderit:
2042 2487 2340 2552 poenam,
2365 2488 2537 2551 quae
2562 2471 2764 2537 homi-

366 2575 596 2640 cidam
643 2573 727 2640 de
761 2574 918 2658 jure
961 2572 1282 2655 sequitur,
1330 2572 1712 2640 sustinebit.

589 2696 737 2761 375.
783 2694 885 2758 De
928 2694 1277 2758 homicidio
1328 2692 1879 2781 „auffluehtiqen
1910 2694 2138 2779 fucz“.

583 2817 732 2885 376.
777 2818 877 2881 De
924 2814 1249 2880 homicida
1279 2825 1683 2904 proscripto,
1745 2817 2173 2900 Proscriptus
2237 2836 2356 2900 pro
2410 2817 2765 2884 homicidio

350 2928 442 2992 et
494 2926 729 3004 postea
760 2926 995 3003 raptus
1025 2938 1144 3004 pro
1176 2922 1468 2987 'secundo
1502 2921 1877 3006 homicidiO,
1910 2922 1971 2988 si
2001 2923 2086 2988 ab
2119 2921 2422 3001 utrisque
2457 2922 2765 3002 partibus

363 3029 637 3096 Terrae
684 3028 975 3092 Sanctae
1022 3025 1334 3109 passagio
1383 3027 1616 3091 datur:
1666 3030 1828 3093 tunc
1888 3026 2096 3109 Judex
2164 3028 2234 3090 et
2293 3024 2525 3109 jurati,
2590 3024 2767 3092 sicut

349 3130 769 3200 homicidam
815 3129 999 3211 prius
1047 3136 1318 3196 servato
1358 3130 1532 3214 juris
1579 3131 1813 3195 ordine
1858 3130 2300 3213 proscribant,
2347 3130 2445 3196 sic
2480 3130 2766 3196 ulterius

356 3235 559 3303 circa
620 3235 834 3316 ipsum
901 3235 1231 3300 servando
1295 3232 1465 3315 juris
1527 3232 1823 3299 ordinem
1892 3238 2053 3299 sunt
2109 3233 2504 3317 processuri.
2572 3233 2767 3300 Unde

357 3339 948 3420 considerandum,
1010 3340 1183 3418 quod
1236 3338 1445 3421 judex
1508 3343 1579 3403 et
1629 3336 1844 3421 jurati
1904 3339 1973 3404 in
2026 3337 2310 3404 salutem
2362 3338 2540 3406 vitae
2586 3337 2766 3404 illius

361 3443 767 3525 homicidae,
837 3441 948 3522 qui
992 3441 1204 3523 prima
1268 3443 1434 3525 vice,
1510 3459 1643 3508 non
1711 3446 2009 3523 tempore
2076 3442 2262 3524 pacis
2326 3440 2619 3506 indictae
2684 3461 2768 3508 ex

362 3550 584 3616 causa
629 3548 928 3630 honesta,
972 3546 1043 3611 in
1073 3564 1358 3627 persona
1390 3547 1495 3612 sui
1527 3545 1825 3612 concivis
1858 3546 1985 3611 sibi
2017 3544 2315 3626 aequalis
2346 3543 2767 3611 homicidium

359 3655 745 3737 perpetrat,
789 3651 1104 3717 videntur
1150 3668 1345 3732 posse
1393 3649 1806 3732 consentire3
1851 3648 1922 3715 in
1968 3649 2250 3714 salutem
2298 3651 2519 3714 autem
2565 3648 2768 3733 illius,

364 3755 494 3838 qui
539 3754 957 3821 homicidium
1017 3754 1304 3821 reiterat
1362 3755 1473 3820 vel
1533 3755 1601 3821 in
1655 3753 2045 3836 praesentia
2082 3751 2347 3835 judiciS‚
2385 3752 2600 3834 jurati
2646 3769 2766 3818 seu

367 3861 660 3930 alterius
708 3860 1011 3928 officialis
1057 3860 1160 3927 sui
1205 3859 1449 3926 domini
1496 3856 1871 3940 committit,
1930 3855 2061 3923 nisi
2112 3854 2271 3921 talis
2318 3854 2566 3921 domini
2613 3873 2766 3922 con-

367 3984 617 4034 sensus
665 3967 750 4030 ad
794 3965 919 4031 hoc
966 3963 1352 4046 accesserit,
1411 3975 1541 4028 n'on
1590 3964 1839 4028 debent
1884 3979 2009 4027 nec
2053 3963 2334 4041 possunt
2392 3958 2569 4026 forte
2618 3959 2765 4026 sine

371 4069 788 4157 praejudicio
839 4072 906 4135 et
953 4067 1339 4151 gravamine
1386 4066 1785 4133 consentire.

585 4206 733 4273 377.
787 4207 887 4272 De
933 4206 1272 4269 homicidii
1315 4204 1788 4289 satisfactione.
1872 4203 1941 4270 Si
2016 4202 2263 4268 fratres
2347 4200 2571 4286 occisi,
2633 4202 2764 4266 exi-

372 4318 640 4382 stentes
687 4313 1093 4394 sacerdotes,
1139 4309 1532 4377 renuntiant
1577 4307 1853 4376 actioni:
1900 4313 2176 4390 propter
2210 4306 2333 4372 hoc
2364 4307 2624 4389 patruis
2657 4306 2767 4375 vel
