<?xml version="1.0" encoding="UTF-8"?>
<!DOCTYPE html PUBLIC "-//W3C//DTD XHTML 1.0 Transitional//EN"
    "http://www.w3.org/TR/xhtml1/DTD/xhtml1-transitional.dtd">
<html xmlns="http://www.w3.org/1999/xhtml" xml:lang="en" lang="en">
 <head>
  <title>
</title>
<meta http-equiv="Content-Type" content="text/html;charset=utf-8" />
  <meta name='ocr-system' content='tesseract 3.04.00' />
  <meta name='ocr-capabilities' content='ocr_page ocr_carea ocr_par ocr_line ocrx_word'/>
</head>
<body>
  <div class='ocr_page' id='page_1' title='image "./codexjurisbohem00unkngoog_0055.png"; bbox 0 0 3275 5009; ppageno 0'>
   <div class='ocr_carea' id='block_1_1' title="bbox 729 384 1412 439">
    <p class='ocr_par' dir='ltr' id='par_1_1' title="bbox 729 384 1412 439">
     <span class='ocr_line' id='line_1_1' title="bbox 729 384 1412 439; baseline 0 -3"><span class='ocrx_word' id='word_1_1' title='bbox 729 384 896 437; x_wconf 87' lang='lat' dir='ltr'><strong>Brunenses.</strong></span> <span class='ocrx_word' id='word_1_2' title='bbox 1377 387 1412 439; x_wconf 84' lang='lat'><strong>39</strong></span> 
     </span>
    </p>
   </div>
   <div class='ocr_carea' id='block_1_2' title="bbox 210 591 1413 1303">
    <p class='ocr_par' dir='ltr' id='par_1_2' title="bbox 210 591 1413 1303">
     <span class='ocr_line' id='line_1_2' title="bbox 214 591 1411 676; baseline 0.002 -19"><span class='ocrx_word' id='word_1_3' title='bbox 214 592 470 676; x_wconf 80' lang='lat' dir='ltr'><strong>absolutionem,</strong></span> <span class='ocrx_word' id='word_1_4' title='bbox 495 611 555 674; x_wconf 89' lang='lat' dir='ltr'><strong>per</strong></span> <span class='ocrx_word' id='word_1_5' title='bbox 579 611 677 673; x_wconf 90' lang='lat' dir='ltr'><strong>quam</strong></span> <span class='ocrx_word' id='word_1_6' title='bbox 701 611 779 659; x_wconf 90' lang='lat' dir='ltr'><strong>reus</strong></span> <span class='ocrx_word' id='word_1_7' title='bbox 803 593 838 658; x_wconf 92' lang='lat' dir='ltr'><strong>ln</strong></span> <span class='ocrx_word' id='word_1_8' title='bbox 861 594 926 658; x_wconf 91' lang='lat' dir='ltr'><strong>alio</strong></span> <span class='ocrx_word' id='word_1_9' title='bbox 957 594 1029 659; x_wconf 91' lang='lat' dir='ltr'><strong>loco</strong></span> <span class='ocrx_word' id='word_1_10' title='bbox 1059 591 1165 661; x_wconf 89' lang='lat' dir='ltr'><strong>vitam</strong></span> <span class='ocrx_word' id='word_1_11' title='bbox 1195 592 1316 676; x_wconf 87' lang='lat' dir='ltr'><strong>salvat,</strong></span> <span class='ocrx_word' id='word_1_12' title='bbox 1345 614 1411 659; x_wconf 91' lang='lat' dir='ltr'><strong>non</strong></span> 
     </span>
     <span class='ocr_line' id='line_1_3' title="bbox 214 696 1411 781; baseline 0.003 -20"><span class='ocrx_word' id='word_1_13' title='bbox 214 697 412 763; x_wconf 78' lang='lat' dir='ltr'><strong>conceditur</strong></span> <span class='ocrx_word' id='word_1_14' title='bbox 434 696 498 763; x_wconf 85' lang='lat' dir='ltr'>sibi</span> <span class='ocrx_word' id='word_1_15' title='bbox 522 699 564 763; x_wconf 89' lang='lat' dir='ltr'><strong>ad</strong></span> <span class='ocrx_word' id='word_1_16' title='bbox 588 699 704 779; x_wconf 85' lang='lat' dir='ltr'><strong>locum,</strong></span> <span class='ocrx_word' id='word_1_17' title='bbox 726 717 747 765; x_wconf 89' lang='lat' dir='ltr'><strong>a</strong></span> <span class='ocrx_word' id='word_1_18' title='bbox 771 717 834 778; x_wconf 89' lang='lat' dir='ltr'><strong>quo</strong></span> <span class='ocrx_word' id='word_1_19' title='bbox 865 697 961 781; x_wconf 83' lang='lat' dir='ltr'><strong>fugit,</strong></span> <span class='ocrx_word' id='word_1_20' title='bbox 991 698 1110 775; x_wconf 86' lang='lat' dir='ltr'><strong>redire,</strong></span> <span class='ocrx_word' id='word_1_21' title='bbox 1142 698 1207 763; x_wconf 89' lang='lat' dir='ltr'><strong>uisi</strong></span> <span class='ocrx_word' id='word_1_22' title='bbox 1231 701 1411 764; x_wconf 89' lang='lat' dir='ltr'><strong>seeundum</strong></span> 
     </span>
     <span class='ocr_line' id='line_1_4' title="bbox 212 801 1411 886; baseline 0 -19"><span class='ocrx_word' id='word_1_23' title='bbox 212 804 391 882; x_wconf 90' lang='lat' dir='ltr'><strong>proborum</strong></span> <span class='ocrx_word' id='word_1_24' title='bbox 425 802 570 868; x_wconf 91' lang='lat' dir='ltr'><strong>virorum</strong></span> <span class='ocrx_word' id='word_1_25' title='bbox 607 802 853 869; x_wconf 80' lang='lat' dir='ltr'><strong>ordinationem</strong></span> <span class='ocrx_word' id='word_1_26' title='bbox 887 821 946 884; x_wconf 91' lang='lat' dir='ltr'><strong>pro</strong></span> <span class='ocrx_word' id='word_1_27' title='bbox 980 801 1092 867; x_wconf 89' lang='lat' dir='ltr'><strong>anima</strong></span> <span class='ocrx_word' id='word_1_28' title='bbox 1127 802 1229 867; x_wconf 90' lang='lat' dir='ltr'><strong>occisi</strong></span> <span class='ocrx_word' id='word_1_29' title='bbox 1263 804 1411 886; x_wconf 85' lang='lat' dir='ltr'><strong>peregri·</strong></span> 
     </span>
     <span class='ocr_line' id='line_1_5' title="bbox 211 905 1411 988; baseline 0.003 -20"><span class='ocrx_word' id='word_1_30' title='bbox 211 905 406 972; x_wconf 89' lang='lat' dir='ltr'><strong>nationibus</strong></span> <span class='ocrx_word' id='word_1_31' title='bbox 422 913 457 970; x_wconf 92' lang='lat' dir='ltr'><strong>et</strong></span> <span class='ocrx_word' id='word_1_32' title='bbox 473 905 538 986; x_wconf 90' lang='lat' dir='ltr'><strong>piis</strong></span> <span class='ocrx_word' id='word_1_33' title='bbox 554 906 712 988; x_wconf 88' lang='lat' dir='ltr'><strong>operibus</strong></span> <span class='ocrx_word' id='word_1_34' title='bbox 728 905 921 972; x_wconf 88' lang='lat' dir='ltr'><strong>satisfaciat</strong></span> <span class='ocrx_word' id='word_1_35' title='bbox 932 907 1030 988; x_wconf 79' lang='lat' dir='ltr'><strong>Juxta</strong></span> <span class='ocrx_word' id='word_1_36' title='bbox 1047 923 1152 987; x_wconf 89' lang='lat' dir='ltr'><strong>posse.</strong></span> <span class='ocrx_word' id='word_1_37' title='bbox 1177 905 1411 987; x_wconf 81' lang='lat' dir='ltr'><strong>FideJussores</strong></span> 
     </span>
     <span class='ocr_line' id='line_1_6' title="bbox 212 1008 1410 1092; baseline 0.002 -20"><span class='ocrx_word' id='word_1_38' title='bbox 212 1008 325 1091; x_wconf 86' lang='lat' dir='ltr'><strong>etiam,</strong></span> <span class='ocrx_word' id='word_1_39' title='bbox 349 1027 390 1074; x_wconf 90' lang='lat' dir='ltr'><strong>ue</strong></span> <span class='ocrx_word' id='word_1_40' title='bbox 415 1012 600 1076; x_wconf 79' lang='lat' dir='ltr'><strong>abutantur</strong></span> <span class='ocrx_word' id='word_1_41' title='bbox 622 1011 687 1077; x_wconf 90' lang='lat' dir='ltr'><strong>fide</strong></span> <span class='ocrx_word' id='word_1_42' title='bbox 710 1029 781 1092; x_wconf 91' lang='lat' dir='ltr'><strong>sua,</strong></span> <span class='ocrx_word' id='word_1_43' title='bbox 794 1014 945 1090; x_wconf 84' lang='lat' dir='ltr'><strong>&#39;possunt</strong></span> <span class='ocrx_word' id='word_1_44' title='bbox 964 1027 1055 1074; x_wconf 89' lang='lat' dir='ltr'><strong>reum</strong></span> <span class='ocrx_word' id='word_1_45' title='bbox 1073 1028 1133 1092; x_wconf 93' lang='lat' dir='ltr'><strong>pro</strong></span> <span class='ocrx_word' id='word_1_46' title='bbox 1149 1011 1297 1092; x_wconf 84' lang='lat' dir='ltr'><strong>emenda,</strong></span> <span class='ocrx_word' id='word_1_47' title='bbox 1314 1028 1410 1092; x_wconf 87' lang='lat' dir='ltr'><strong>quam</strong></span> 
     </span>
     <span class='ocr_line' id='line_1_7' title="bbox 211 1112 1411 1197; baseline 0.003 -21"><span class='ocrx_word' id='word_1_48' title='bbox 211 1130 275 1193; x_wconf 93' lang='lat' dir='ltr'><strong>pro</strong></span> <span class='ocrx_word' id='word_1_49' title='bbox 288 1113 359 1194; x_wconf 89' lang='lat' dir='ltr'><strong>ipso</strong></span> <span class='ocrx_word' id='word_1_50' title='bbox 376 1113 548 1196; x_wconf 87' lang='lat' dir='ltr'><strong>solverint,</strong></span> <span class='ocrx_word' id='word_1_51' title='bbox 565 1115 784 1197; x_wconf 86' lang='lat' dir='ltr'><strong>proscribere,</strong></span> <span class='ocrx_word' id='word_1_52' title='bbox 800 1115 856 1180; x_wconf 89' lang='lat' dir='ltr'><strong>vel</strong></span> <span class='ocrx_word' id='word_1_53' title='bbox 873 1115 937 1180; x_wconf 91' lang='lat' dir='ltr'><strong>alio</strong></span> <span class='ocrx_word' id='word_1_54' title='bbox 954 1114 1048 1180; x_wconf 91' lang='lat' dir='ltr'><strong>modo</strong></span> <span class='ocrx_word' id='word_1_55' title='bbox 1065 1116 1107 1179; x_wconf 92' lang='lat' dir='ltr'><strong>ad</strong></span> <span class='ocrx_word' id='word_1_56' title='bbox 1124 1112 1196 1195; x_wconf 87' lang='lat' dir='ltr'><strong>ejus</strong></span> <span class='ocrx_word' id='word_1_57' title='bbox 1213 1114 1411 1179; x_wconf 88' lang='lat' dir='ltr'><strong>solutionem</strong></span> 
     </span>
     <span class='ocr_line' id='line_1_8' title="bbox 210 1215 1413 1303; baseline 0.001 -23"><span class='ocrx_word' id='word_1_58' title='bbox 210 1215 423 1299; x_wconf 84' lang='lat' dir='ltr'><strong>compellere,</strong></span> <span class='ocrx_word' id='word_1_59' title='bbox 449 1218 575 1301; x_wconf 90' lang='lat' dir='ltr'><strong>judicio</strong></span> <span class='ocrx_word' id='word_1_60' title='bbox 600 1222 634 1283; x_wconf 88' lang='lat' dir='ltr'><strong>et</strong></span> <span class='ocrx_word' id='word_1_61' title='bbox 654 1220 842 1303; x_wconf 88' lang='lat' dir='ltr'><strong>juratorum</strong></span> <span class='ocrx_word' id='word_1_62' title='bbox 866 1218 1004 1284; x_wconf 91' lang='lat' dir='ltr'><strong>consilio</strong></span> <span class='ocrx_word' id='word_1_63' title='bbox 1027 1225 1063 1283; x_wconf 92' lang='lat' dir='ltr'><strong>et</strong></span> <span class='ocrx_word' id='word_1_64' title='bbox 1086 1216 1208 1282; x_wconf 87' lang='lat' dir='ltr'><strong>auxilio</strong></span> <span class='ocrx_word' id='word_1_65' title='bbox 1234 1217 1413 1283; x_wconf 88' lang='lat' dir='ltr'><strong>mediante.</strong></span> 
     </span>
    </p>
   </div>
   <div class='ocr_carea' id='block_1_3' title="bbox 207 1371 1411 3019">
    <p class='ocr_par' dir='ltr' id='par_1_3' title="bbox 207 1371 1411 3019">
     <span class='ocr_line' id='line_1_9' title="bbox 320 1371 1410 1458; baseline 0.004 -24"><span class='ocrx_word' id='word_1_66' title='bbox 320 1373 371 1437; x_wconf 86' lang='lat'><strong>39.</strong></span> <span class='ocrx_word' id='word_1_67' title='bbox 396 1374 445 1435; x_wconf 89' lang='lat' dir='ltr'><strong>De</strong></span> <span class='ocrx_word' id='word_1_68' title='bbox 469 1383 576 1437; x_wconf 82' lang='lat' dir='ltr'><strong>actore</strong></span> <span class='ocrx_word' id='word_1_69' title='bbox 604 1375 782 1454; x_wconf 79' lang='lat' dir='ltr'><strong>homicidii,</strong></span> <span class='ocrx_word' id='word_1_70' title='bbox 814 1375 967 1458; x_wconf 83' lang='lat' dir='ltr'><strong>quomodo</strong></span> <span class='ocrx_word' id='word_1_71' title='bbox 999 1374 1089 1436; x_wconf 81' lang='lat' dir='ltr'><strong>cadit</strong></span> <span class='ocrx_word' id='word_1_72' title='bbox 1111 1371 1150 1434; x_wconf 84' lang='lat' dir='ltr'><strong>ab</strong></span> <span class='ocrx_word' id='word_1_73' title='bbox 1174 1374 1305 1436; x_wconf 84' lang='lat' dir='ltr'><strong>actione.</strong></span> <span class='ocrx_word' id='word_1_74' title='bbox 1330 1373 1410 1438; x_wconf 83' lang='lat' dir='ltr'><strong>Cum</strong></span> 
     </span>
     <span class='ocr_line' id='line_1_10' title="bbox 211 1478 1410 1562; baseline 0.003 -23"><span class='ocrx_word' id='word_1_75' title='bbox 211 1493 299 1540; x_wconf 84' lang='lat' dir='ltr'><strong>uxor</strong></span> <span class='ocrx_word' id='word_1_76' title='bbox 322 1489 357 1542; x_wconf 91' lang='lat' dir='ltr'><strong>et</strong></span> <span class='ocrx_word' id='word_1_77' title='bbox 379 1478 521 1544; x_wconf 89' lang='lat' dir='ltr'><strong>heredes</strong></span> <span class='ocrx_word' id='word_1_78' title='bbox 546 1479 647 1546; x_wconf 88' lang='lat' dir='ltr'><strong>occisi</strong></span> <span class='ocrx_word' id='word_1_79' title='bbox 672 1484 797 1562; x_wconf 85' lang='lat' dir='ltr'><strong>tacent,</strong></span> <span class='ocrx_word' id='word_1_80' title='bbox 828 1499 890 1546; x_wconf 90' lang='lat' dir='ltr'><strong>neo</strong></span> <span class='ocrx_word' id='word_1_81' title='bbox 921 1478 1215 1562; x_wconf 86' lang='lat' dir='ltr'><strong>proclamationem</strong></span> <span class='ocrx_word' id='word_1_82' title='bbox 1246 1483 1280 1543; x_wconf 89' lang='lat' dir='ltr'><strong>et</strong></span> <span class='ocrx_word' id='word_1_83' title='bbox 1304 1478 1410 1558; x_wconf 90' lang='lat' dir='ltr'><strong>publi·</strong></span> 
     </span>
     <span class='ocr_line' id='line_1_11' title="bbox 213 1579 1411 1668; baseline 0.001 -23"><span class='ocrx_word' id='word_1_84' title='bbox 213 1579 383 1646; x_wconf 77' lang='lat' dir='ltr'><strong>sationem</strong></span> <span class='ocrx_word' id='word_1_85' title='bbox 407 1584 447 1648; x_wconf 90' lang='lat' dir='ltr'><strong>de</strong></span> <span class='ocrx_word' id='word_1_86' title='bbox 471 1583 646 1650; x_wconf 91' lang='lat' dir='ltr'><strong>homicidio</strong></span> <span class='ocrx_word' id='word_1_87' title='bbox 670 1584 806 1668; x_wconf 83' lang='lat' dir='ltr'><strong>faciunt,</strong></span> <span class='ocrx_word' id='word_1_88' title='bbox 833 1603 896 1650; x_wconf 86' lang='lat' dir='ltr'><strong>nec</strong></span> <span class='ocrx_word' id='word_1_89' title='bbox 926 1582 1104 1664; x_wconf 86' lang='lat' dir='ltr'><strong>aliqualem</strong></span> <span class='ocrx_word' id='word_1_90' title='bbox 1135 1582 1411 1662; x_wconf 84' lang='lat' dir='ltr'><strong>protestationem</strong></span> 
     </span>
     <span class='ocr_line' id='line_1_12' title="bbox 212 1685 1411 1769; baseline 0.001 -21"><span class='ocrx_word' id='word_1_91' title='bbox 212 1701 326 1750; x_wconf 89' lang='lat' dir='ltr'><strong>coram</strong></span> <span class='ocrx_word' id='word_1_92' title='bbox 346 1685 482 1769; x_wconf 84' lang='lat' dir='ltr'><strong>jndicio,</strong></span> <span class='ocrx_word' id='word_1_93' title='bbox 499 1687 575 1767; x_wconf 91' lang='lat' dir='ltr'><strong>quia</strong></span> <span class='ocrx_word' id='word_1_94' title='bbox 593 1689 634 1754; x_wconf 91' lang='lat' dir='ltr'><strong>de</strong></span> <span class='ocrx_word' id='word_1_95' title='bbox 650 1689 815 1754; x_wconf 86' lang='lat' dir='ltr'><strong>occisione</strong></span> <span class='ocrx_word' id='word_1_96' title='bbox 832 1688 945 1754; x_wconf 89' lang='lat' dir='ltr'><strong>mariti</strong></span> <span class='ocrx_word' id='word_1_97' title='bbox 962 1695 997 1753; x_wconf 92' lang='lat' dir='ltr'><strong>et</strong></span> <span class='ocrx_word' id='word_1_98' title='bbox 1012 1688 1119 1769; x_wconf 88' lang='lat' dir='ltr'><strong>patris</strong></span> <span class='ocrx_word' id='word_1_99' title='bbox 1136 1703 1249 1750; x_wconf 90' lang='lat' dir='ltr'><strong>eorum</strong></span> <span class='ocrx_word' id='word_1_100' title='bbox 1265 1685 1411 1750; x_wconf 89' lang='lat' dir='ltr'><strong>scrutari</strong></span> 
     </span>
     <span class='ocr_line' id='line_1_13' title="bbox 213 1789 1410 1877; baseline 0.001 -26"><span class='ocrx_word' id='word_1_101' title='bbox 213 1792 250 1851; x_wconf 89' lang='lat' dir='ltr'><strong>et</strong></span> <span class='ocrx_word' id='word_1_102' title='bbox 280 1791 415 1854; x_wconf 91' lang='lat' dir='ltr'><strong>tandem</strong></span> <span class='ocrx_word' id='word_1_103' title='bbox 448 1792 628 1857; x_wconf 86' lang='lat' dir='ltr'><strong>secuudum</strong></span> <span class='ocrx_word' id='word_1_104' title='bbox 658 1791 795 1858; x_wconf 88' lang='lat' dir='ltr'><strong>formam</strong></span> <span class='ocrx_word' id='word_1_105' title='bbox 822 1792 908 1877; x_wconf 87' lang='lat' dir='ltr'><strong>juris</strong></span> <span class='ocrx_word' id='word_1_106' title='bbox 938 1790 1108 1871; x_wconf 86' lang='lat' dir='ltr'><strong>querulari</strong></span> <span class='ocrx_word' id='word_1_107' title='bbox 1139 1790 1274 1871; x_wconf 88' lang='lat' dir='ltr'><strong>vellent,</strong></span> <span class='ocrx_word' id='word_1_108' title='bbox 1308 1789 1410 1854; x_wconf 86' lang='lat' dir='ltr'><strong>inter·</strong></span> 
     </span>
     <span class='ocr_line' id='line_1_14' title="bbox 211 1886 1408 1978; baseline -0.001 -22"><span class='ocrx_word' id='word_1_109' title='bbox 211 1897 352 1974; x_wconf 90' lang='lat' dir='ltr'><strong>ponunt,</strong></span> <span class='ocrx_word' id='word_1_110' title='bbox 376 1898 411 1959; x_wconf 88' lang='lat' dir='ltr'><strong>et</strong></span> <span class='ocrx_word' id='word_1_111' title='bbox 433 1897 527 1960; x_wconf 93' lang='lat' dir='ltr'><strong>modo</strong></span> <span class='ocrx_word' id='word_1_112' title='bbox 552 1901 707 1961; x_wconf 87' lang='lat' dir='ltr'><strong>astantes</strong></span> <span class='ocrx_word' id='word_1_113' title='bbox 731 1915 791 1962; x_wconf 89' lang='lat' dir='ltr'><strong>seu</strong></span> <span class='ocrx_word' id='word_1_114' title='bbox 816 1904 1012 1978; x_wconf 88' lang='lat' dir='ltr'><strong>praesentes</strong></span> <span class='ocrx_word' id='word_1_115' title='bbox 1040 1886 1171 1976; x_wconf 88' lang='lat' dir='ltr'><strong>judicio</strong></span> <span class='ocrx_word' id='word_1_116' title='bbox 1189 1895 1251 1957; x_wconf 91' lang='lat' dir='ltr'><strong>sub</strong></span> <span class='ocrx_word' id='word_1_117' title='bbox 1275 1892 1408 1957; x_wconf 88' lang='lat' dir='ltr'><strong>silentio</strong></span> 
     </span>
     <span class='ocr_line' id='line_1_15' title="bbox 208 1995 1407 2078; baseline 0.002 -20"><span class='ocrx_word' id='word_1_118' title='bbox 208 1999 399 2076; x_wconf 89' lang='lat' dir='ltr'><strong>transeunt,</strong></span> <span class='ocrx_word' id='word_1_119' title='bbox 422 2005 456 2065; x_wconf 91' lang='lat' dir='ltr'><strong>et</strong></span> <span class='ocrx_word' id='word_1_120' title='bbox 480 1999 509 2064; x_wconf 92' lang='lat' dir='ltr'><strong>si</strong></span> <span class='ocrx_word' id='word_1_121' title='bbox 532 1999 634 2066; x_wconf 90' lang='lat' dir='ltr'><strong>aliter</strong></span> <span class='ocrx_word' id='word_1_122' title='bbox 658 2006 752 2065; x_wconf 86' lang='lat' dir='ltr'><strong>actor</strong></span> <span class='ocrx_word' id='word_1_123' title='bbox 772 2000 929 2066; x_wconf 82' lang='lat' dir='ltr'><strong>fortassis</strong></span> <span class='ocrx_word' id='word_1_124' title='bbox 953 2000 988 2064; x_wconf 91' lang='lat' dir='ltr'><strong>in</strong></span> <span class='ocrx_word' id='word_1_125' title='bbox 1011 1998 1118 2078; x_wconf 88' lang='lat' dir='ltr'><strong>ipsum</strong></span> <span class='ocrx_word' id='word_1_126' title='bbox 1136 1995 1243 2062; x_wconf 90' lang='lat' dir='ltr'><strong>medio</strong></span> <span class='ocrx_word' id='word_1_127' title='bbox 1260 2003 1407 2077; x_wconf 87' lang='lat' dir='ltr'><strong>tempore</strong></span> 
     </span>
     <span class='ocr_line' id='line_1_16' title="bbox 209 2099 1410 2188; baseline -0.001 -24"><span class='ocrx_word' id='word_1_128' title='bbox 209 2099 409 2167; x_wconf 88' lang='lat' dir='ltr'><strong>homicidam</strong></span> <span class='ocrx_word' id='word_1_129' title='bbox 422 2122 481 2183; x_wconf 91' lang='lat' dir='ltr'><strong>pro</strong></span> <span class='ocrx_word' id='word_1_130' title='bbox 494 2106 608 2169; x_wconf 90' lang='lat' dir='ltr'><strong>eodem</strong></span> <span class='ocrx_word' id='word_1_131' title='bbox 621 2104 797 2170; x_wconf 89' lang='lat' dir='ltr'><strong>homicidio</strong></span> <span class='ocrx_word' id='word_1_132' title='bbox 814 2104 894 2188; x_wconf 81' lang='lat' dir='ltr'><strong>agit,</strong></span> <span class='ocrx_word' id='word_1_133' title='bbox 911 2122 973 2169; x_wconf 88' lang='lat' dir='ltr'><strong>neo</strong></span> <span class='ocrx_word' id='word_1_134' title='bbox 989 2102 1089 2168; x_wconf 89' lang='lat' dir='ltr'><strong>etiam</strong></span> <span class='ocrx_word' id='word_1_135' title='bbox 1106 2103 1245 2166; x_wconf 87' lang='lat' dir='ltr'><strong>eundem</strong></span> <span class='ocrx_word' id='word_1_136' title='bbox 1263 2105 1410 2165; x_wconf 88' lang='lat' dir='ltr'><strong>actorem</strong></span> 
     </span>
     <span class='ocr_line' id='line_1_17' title="bbox 210 2204 1408 2289; baseline -0.001 -21"><span class='ocrx_word' id='word_1_137' title='bbox 210 2207 254 2270; x_wconf 88' lang='lat' dir='ltr'><strong>ab</strong></span> <span class='ocrx_word' id='word_1_138' title='bbox 268 2205 401 2271; x_wconf 90' lang='lat' dir='ltr'><strong>actione</strong></span> <span class='ocrx_word' id='word_1_139' title='bbox 414 2207 472 2271; x_wconf 89' lang='lat' dir='ltr'><strong>tuli</strong></span> <span class='ocrx_word' id='word_1_140' title='bbox 487 2208 663 2289; x_wconf 88' lang='lat' dir='ltr'><strong>repellunt,</strong></span> <span class='ocrx_word' id='word_1_141' title='bbox 683 2207 820 2289; x_wconf 86' lang='lat' dir='ltr'><strong>ipseque</strong></span> <span class='ocrx_word' id='word_1_142' title='bbox 833 2207 998 2273; x_wconf 90' lang='lat' dir='ltr'><strong>homicida</strong></span> <span class='ocrx_word' id='word_1_143' title='bbox 1010 2206 1122 2272; x_wconf 89' lang='lat' dir='ltr'><strong>dictae</strong></span> <span class='ocrx_word' id='word_1_144' title='bbox 1133 2204 1259 2271; x_wconf 89' lang='lat' dir='ltr'><strong>actioni</strong></span> <span class='ocrx_word' id='word_1_145' title='bbox 1272 2222 1408 2286; x_wconf 82' lang='lat' dir='ltr'><strong>respon·</strong></span> 
     </span>
     <span class='ocr_line' id='line_1_18' title="bbox 212 2307 1408 2394; baseline -0.002 -21"><span class='ocrx_word' id='word_1_146' title='bbox 212 2307 334 2374; x_wconf 91' lang='lat' dir='ltr'><strong>disset:</strong></span> <span class='ocrx_word' id='word_1_147' title='bbox 340 2310 395 2393; x_wconf 86' lang='lat' dir='ltr'><strong>jus</strong></span> <span class='ocrx_word' id='word_1_148' title='bbox 407 2329 501 2377; x_wconf 91' lang='lat' dir='ltr'><strong>suum</strong></span> <span class='ocrx_word' id='word_1_149' title='bbox 512 2319 671 2391; x_wconf 89' lang='lat' dir='ltr'><strong>quantum</strong></span> <span class='ocrx_word' id='word_1_150' title='bbox 684 2316 726 2378; x_wconf 91' lang='lat' dir='ltr'><strong>ad</strong></span> <span class='ocrx_word' id='word_1_151' title='bbox 740 2314 905 2378; x_wconf 88' lang='lat' dir='ltr'><strong>actionem</strong></span> <span class='ocrx_word' id='word_1_152' title='bbox 921 2309 1107 2394; x_wconf 83' lang='lat' dir='ltr'><strong>hujusmodi</strong></span> <span class='ocrx_word' id='word_1_153' title='bbox 1120 2308 1288 2374; x_wconf 89' lang='lat' dir='ltr'><strong>homicidii</strong></span> <span class='ocrx_word' id='word_1_154' title='bbox 1301 2307 1408 2389; x_wconf 90' lang='lat' dir='ltr'><strong>perdi-</strong></span> 
     </span>
     <span class='ocr_line' id='line_1_19' title="bbox 207 2411 1408 2499; baseline -0.001 -23"><span class='ocrx_word' id='word_1_155' title='bbox 207 2412 344 2488; x_wconf 83' lang='lat' dir='ltr'><strong>derunt,</strong></span> <span class='ocrx_word' id='word_1_156' title='bbox 367 2430 434 2499; x_wconf 86' lang='lat' dir='ltr'><strong>nec</strong></span> <span class='ocrx_word' id='word_1_157' title='bbox 452 2418 586 2493; x_wconf 88' lang='lat' dir='ltr'><strong>oportet</strong></span> <span class='ocrx_word' id='word_1_158' title='bbox 609 2415 711 2481; x_wconf 89' lang='lat' dir='ltr'><strong>talem</strong></span> <span class='ocrx_word' id='word_1_159' title='bbox 735 2434 828 2481; x_wconf 90' lang='lat' dir='ltr'><strong>reum</strong></span> <span class='ocrx_word' id='word_1_160' title='bbox 853 2419 892 2481; x_wconf 90' lang='lat' dir='ltr'><strong>de</strong></span> <span class='ocrx_word' id='word_1_161' title='bbox 916 2421 1031 2480; x_wconf 86' lang='lat' dir='ltr'><strong>cetero</strong></span> <span class='ocrx_word' id='word_1_162' title='bbox 1055 2432 1166 2478; x_wconf 89' lang='lat' dir='ltr'><strong>eorum</strong></span> <span class='ocrx_word' id='word_1_163' title='bbox 1184 2411 1408 2492; x_wconf 89' lang='lat' dir='ltr'><strong>querimoniae</strong></span> 
     </span>
     <span class='ocr_line' id='line_1_20' title="bbox 208 2514 1409 2598; baseline 0.002 -21"><span class='ocrx_word' id='word_1_164' title='bbox 208 2517 425 2594; x_wconf 85' lang='lat' dir='ltr'><strong>respondere.</strong></span> <span class='ocrx_word' id='word_1_165' title='bbox 448 2516 584 2584; x_wconf 87' lang='lat' dir='ltr'><strong>Dictum</strong></span> <span class='ocrx_word' id='word_1_166' title='bbox 601 2519 687 2583; x_wconf 89' lang='lat' dir='ltr'><strong>enim</strong></span> <span class='ocrx_word' id='word_1_167' title='bbox 703 2519 916 2585; x_wconf 85' lang='lat' dir='ltr'><strong>homicidium</strong></span> <span class='ocrx_word' id='word_1_168' title='bbox 933 2525 1102 2598; x_wconf 91' lang='lat' dir='ltr'><strong>tamquam</strong></span> <span class='ocrx_word' id='word_1_169' title='bbox 1118 2520 1184 2582; x_wconf 88' lang='lat' dir='ltr'><strong>uua</strong></span> <span class='ocrx_word' id='word_1_170' title='bbox 1201 2534 1303 2580; x_wconf 87' lang='lat' dir='ltr'><strong>causa</strong></span> <span class='ocrx_word' id='word_1_171' title='bbox 1319 2514 1409 2580; x_wconf 85' lang='lat' dir='ltr'><strong>sufli-</strong></span> 
     </span>
     <span class='ocr_line' id='line_1_21' title="bbox 210 2618 1408 2703; baseline -0.001 -20"><span class='ocrx_word' id='word_1_172' title='bbox 210 2618 343 2683; x_wconf 88' lang='lat' dir='ltr'><strong>cienter</strong></span> <span class='ocrx_word' id='word_1_173' title='bbox 370 2620 467 2684; x_wconf 87' lang='lat' dir='ltr'><strong>unius</strong></span> <span class='ocrx_word' id='word_1_174' title='bbox 495 2621 638 2687; x_wconf 88' lang='lat' dir='ltr'><strong>actionis</strong></span> <span class='ocrx_word' id='word_1_175' title='bbox 670 2624 875 2703; x_wconf 87' lang='lat' dir='ltr'><strong>querimonia</strong></span> <span class='ocrx_word' id='word_1_176' title='bbox 905 2624 1119 2702; x_wconf 65' lang='lat' dir='ltr'><strong>terminatum</strong></span> <span class='ocrx_word' id='word_1_177' title='bbox 1143 2621 1285 2686; x_wconf 90' lang='lat' dir='ltr'><strong>heredes</strong></span> <span class='ocrx_word' id='word_1_178' title='bbox 1309 2618 1408 2684; x_wconf 89' lang='lat' dir='ltr'><strong>etiam</strong></span> 
     </span>
     <span class='ocr_line' id='line_1_22' title="bbox 210 2721 1408 2811; baseline -0.003 -23"><span class='ocrx_word' id='word_1_179' title='bbox 210 2726 247 2788; x_wconf 89' lang='lat' dir='ltr'><strong>et</strong></span> <span class='ocrx_word' id='word_1_180' title='bbox 264 2740 346 2787; x_wconf 86' lang='lat' dir='ltr'><strong>uxor</strong></span> <span class='ocrx_word' id='word_1_181' title='bbox 363 2725 562 2808; x_wconf 88' lang='lat' dir='ltr'><strong>praescripti</strong></span> <span class='ocrx_word' id='word_1_182' title='bbox 586 2727 687 2793; x_wconf 90' lang='lat' dir='ltr'><strong>occisi</strong></span> <span class='ocrx_word' id='word_1_183' title='bbox 712 2748 733 2793; x_wconf 91' lang='lat' dir='ltr'><strong>a</strong></span> <span class='ocrx_word' id='word_1_184' title='bbox 753 2731 828 2811; x_wconf 91' lang='lat' dir='ltr'><strong>jure</strong></span> <span class='ocrx_word' id='word_1_185' title='bbox 851 2746 910 2793; x_wconf 91' lang='lat' dir='ltr'><strong>suo</strong></span> <span class='ocrx_word' id='word_1_186' title='bbox 934 2726 1069 2808; x_wconf 90' lang='lat' dir='ltr'><strong>propria</strong></span> <span class='ocrx_word' id='word_1_187' title='bbox 1092 2724 1301 2808; x_wconf 82' lang='lat' dir='ltr'><strong>negligentia</strong></span> <span class='ocrx_word' id='word_1_188' title='bbox 1324 2721 1408 2787; x_wconf 90' lang='lat' dir='ltr'><strong>ceci-</strong></span> 
     </span>
     <span class='ocr_line' id='line_1_23' title="bbox 208 2827 1408 2914; baseline 0 -23"><span class='ocrx_word' id='word_1_189' title='bbox 208 2828 343 2891; x_wconf 87' lang='lat' dir='ltr'><strong>deruut.</strong></span> <span class='ocrx_word' id='word_1_190' title='bbox 369 2827 463 2894; x_wconf 84' lang='lat' dir='ltr'><strong>Sicut</strong></span> <span class='ocrx_word' id='word_1_191' title='bbox 487 2831 575 2896; x_wconf 91' lang='lat' dir='ltr'><strong>euim</strong></span> <span class='ocrx_word' id='word_1_192' title='bbox 597 2832 771 2914; x_wconf 80' lang='lat' dir='ltr'><strong>loquendo,</strong></span> <span class='ocrx_word' id='word_1_193' title='bbox 795 2850 881 2912; x_wconf 90' lang='lat' dir='ltr'><strong>qnae</strong></span> <span class='ocrx_word' id='word_1_194' title='bbox 905 2837 985 2896; x_wconf 91' lang='lat' dir='ltr'><strong>sunt</strong></span> <span class='ocrx_word' id='word_1_195' title='bbox 1008 2832 1161 2911; x_wconf 89' lang='lat' dir='ltr'><strong>tacenda,</strong></span> <span class='ocrx_word' id='word_1_196' title='bbox 1184 2828 1233 2893; x_wconf 90' lang='lat' dir='ltr'><strong>sic</strong></span> <span class='ocrx_word' id='word_1_197' title='bbox 1256 2827 1408 2908; x_wconf 85' lang='lat' dir='ltr'><strong>tacendo,</strong></span> 
     </span>
     <span class='ocr_line' id='line_1_24' title="bbox 209 2931 1356 3019; baseline 0.001 -25"><span class='ocrx_word' id='word_1_198' title='bbox 209 2947 297 3011; x_wconf 92' lang='lat' dir='ltr'><strong>quae</strong></span> <span class='ocrx_word' id='word_1_199' title='bbox 321 2938 401 2996; x_wconf 89' lang='lat' dir='ltr'><strong>sunt</strong></span> <span class='ocrx_word' id='word_1_200' title='bbox 424 2932 599 3017; x_wconf 89' lang='lat' dir='ltr'><strong>loquenda,</strong></span> <span class='ocrx_word' id='word_1_201' title='bbox 618 2952 729 3000; x_wconf 90' lang='lat' dir='ltr'><strong>coram</strong></span> <span class='ocrx_word' id='word_1_202' title='bbox 749 2935 875 3019; x_wconf 77' lang='lat' dir='ltr'><strong>Judieio</strong></span> <span class='ocrx_word' id='word_1_203' title='bbox 898 2936 994 3000; x_wconf 89' lang='lat' dir='ltr'><strong>homo</strong></span> <span class='ocrx_word' id='word_1_204' title='bbox 1014 2932 1189 2999; x_wconf 89' lang='lat' dir='ltr'><strong>renuntiat</strong></span> <span class='ocrx_word' id='word_1_205' title='bbox 1200 2931 1269 3015; x_wconf 87' lang='lat' dir='ltr'><strong>juri</strong></span> <span class='ocrx_word' id='word_1_206' title='bbox 1287 2948 1356 2995; x_wconf 89' lang='lat' dir='ltr'><strong>suo.</strong></span> 
     </span>
    </p>
   </div>
   <div class='ocr_carea' id='block_1_4' title="bbox 206 3086 1468 4420">
    <p class='ocr_par' dir='ltr' id='par_1_4' title="bbox 206 3086 1468 4420">
     <span class='ocr_line' id='line_1_25' title="bbox 315 3086 1408 3172; baseline -0.005 -24"><span class='ocrx_word' id='word_1_207' title='bbox 315 3087 367 3150; x_wconf 81' lang='lat'><strong>40.</strong></span> <span class='ocrx_word' id='word_1_208' title='bbox 391 3086 441 3149; x_wconf 86' lang='lat' dir='ltr'><strong>De</strong></span> <span class='ocrx_word' id='word_1_209' title='bbox 465 3098 571 3151; x_wconf 81' lang='lat' dir='ltr'><strong>actore</strong></span> <span class='ocrx_word' id='word_1_210' title='bbox 595 3100 624 3152; x_wconf 81' lang='lat' dir='ltr'><strong>et</strong></span> <span class='ocrx_word' id='word_1_211' title='bbox 641 3111 696 3153; x_wconf 79' lang='lat' dir='ltr'><strong>rao</strong></span> <span class='ocrx_word' id='word_1_212' title='bbox 712 3092 840 3154; x_wconf 83' lang='lat' dir='ltr'><strong>ratione</strong></span> <span class='ocrx_word' id='word_1_213' title='bbox 856 3091 1028 3153; x_wconf 78' lang='lat' dir='ltr'><strong>homicidii</strong></span> <span class='ocrx_word' id='word_1_214' title='bbox 1042 3099 1072 3151; x_wconf 82' lang='lat' dir='ltr'><strong>et</strong></span> <span class='ocrx_word' id='word_1_215' title='bbox 1086 3086 1231 3172; x_wconf 75' lang='lat' dir='ltr'><strong>collapsi,</strong></span> <span class='ocrx_word' id='word_1_216' title='bbox 1255 3097 1408 3169; x_wconf 79' lang='lat' dir='ltr'><strong>quantuni</strong></span> 
     </span>
     <span class='ocr_line' id='line_1_26' title="bbox 208 3188 1409 3278; baseline 0 -25"><span class='ocrx_word' id='word_1_217' title='bbox 208 3190 254 3253; x_wconf 84' lang='lat' dir='ltr'><strong>ad</strong></span> <span class='ocrx_word' id='word_1_218' title='bbox 275 3188 452 3253; x_wconf 78' lang='lat' dir='ltr'><strong>arbitrium</strong></span> <span class='ocrx_word' id='word_1_219' title='bbox 477 3203 506 3253; x_wconf 80' lang='lat' dir='ltr'><strong>ot</strong></span> <span class='ocrx_word' id='word_1_220' title='bbox 529 3193 768 3278; x_wconf 81' lang='lat' dir='ltr'><strong>confessionem.</strong></span> <span class='ocrx_word' id='word_1_221' title='bbox 795 3196 887 3261; x_wconf 90' lang='lat' dir='ltr'><strong>Reus</strong></span> <span class='ocrx_word' id='word_1_222' title='bbox 912 3197 952 3260; x_wconf 95' lang='lat' dir='ltr'><strong>de</strong></span> <span class='ocrx_word' id='word_1_223' title='bbox 976 3193 1206 3260; x_wconf 85' lang='lat' dir='ltr'><strong>satisfactione</strong></span> <span class='ocrx_word' id='word_1_224' title='bbox 1230 3188 1409 3272; x_wconf 85' lang='lat' dir='ltr'><strong>homicidii,</strong></span> 
     </span>
     <span class='ocr_line' id='line_1_27' title="bbox 209 3292 1408 3380; baseline -0.001 -22"><span class='ocrx_word' id='word_1_225' title='bbox 209 3292 253 3359; x_wconf 94' lang='lat' dir='ltr'><strong>de</strong></span> <span class='ocrx_word' id='word_1_226' title='bbox 270 3311 334 3373; x_wconf 92' lang='lat' dir='ltr'><strong>quo</strong></span> <span class='ocrx_word' id='word_1_227' title='bbox 358 3294 536 3362; x_wconf 88' lang='lat' dir='ltr'><strong>manifeste</strong></span> <span class='ocrx_word' id='word_1_228' title='bbox 560 3302 613 3363; x_wconf 91' lang='lat' dir='ltr'><strong>est</strong></span> <span class='ocrx_word' id='word_1_229' title='bbox 636 3304 815 3365; x_wconf 81' lang='lat' dir='ltr'><strong>accusatus</strong></span> <span class='ocrx_word' id='word_1_230' title='bbox 840 3309 875 3365; x_wconf 88' lang='lat' dir='ltr'><strong>et</strong></span> <span class='ocrx_word' id='word_1_231' title='bbox 899 3317 958 3380; x_wconf 92' lang='lat' dir='ltr'><strong>pro</strong></span> <span class='ocrx_word' id='word_1_232' title='bbox 983 3317 1045 3378; x_wconf 89' lang='lat' dir='ltr'><strong>quo</strong></span> <span class='ocrx_word' id='word_1_233' title='bbox 1069 3298 1284 3379; x_wconf 86' lang='lat' dir='ltr'><strong>respondens,</strong></span> <span class='ocrx_word' id='word_1_234' title='bbox 1308 3313 1350 3359; x_wconf 86' lang='lat' dir='ltr'><strong>ex</strong></span> <span class='ocrx_word' id='word_1_235' title='bbox 1369 3310 1408 3358; x_wconf 90' lang='lat' dir='ltr'><strong>eo</strong></span> 
     </span>
     <span class='ocr_line' id='line_1_28' title="bbox 211 3396 1407 3482; baseline -0.001 -21"><span class='ocrx_word' id='word_1_236' title='bbox 211 3397 400 3480; x_wconf 88' lang='lat' dir='ltr'><strong>praecipue,</strong></span> <span class='ocrx_word' id='word_1_237' title='bbox 425 3401 511 3478; x_wconf 91' lang='lat' dir='ltr'><strong>quod</strong></span> <span class='ocrx_word' id='word_1_238' title='bbox 535 3400 689 3468; x_wconf 85' lang='lat' dir='ltr'><strong>fortassis</strong></span> <span class='ocrx_word' id='word_1_239' title='bbox 714 3405 746 3468; x_wconf 92' lang='lat' dir='ltr'><strong>in</strong></span> <span class='ocrx_word' id='word_1_240' title='bbox 770 3405 916 3469; x_wconf 89' lang='lat' dir='ltr'><strong>arbitros</strong></span> <span class='ocrx_word' id='word_1_241' title='bbox 940 3400 1120 3482; x_wconf 89' lang='lat' dir='ltr'><strong>consensit,</strong></span> <span class='ocrx_word' id='word_1_242' title='bbox 1143 3401 1248 3465; x_wconf 89' lang='lat' dir='ltr'><strong>vicem</strong></span> <span class='ocrx_word' id='word_1_243' title='bbox 1273 3399 1322 3463; x_wconf 90' lang='lat' dir='ltr'><strong>rei</strong></span> <span class='ocrx_word' id='word_1_244' title='bbox 1343 3396 1407 3462; x_wconf 91' lang='lat' dir='ltr'><strong>sibi</strong></span> 
     </span>
     <span class='ocr_line' id='line_1_29' title="bbox 208 3499 1409 3586; baseline -0.002 -20"><span class='ocrx_word' id='word_1_245' title='bbox 208 3500 409 3582; x_wconf 85' lang='lat' dir='ltr'><strong>assumpsit:</strong></span> <span class='ocrx_word' id='word_1_246' title='bbox 434 3521 475 3568; x_wconf 78' lang='lat' dir='ltr'><strong>ex</strong></span> <span class='ocrx_word' id='word_1_247' title='bbox 498 3503 707 3572; x_wconf 85' lang='lat' dir='ltr'><strong>confessione</strong></span> <span class='ocrx_word' id='word_1_248' title='bbox 724 3509 905 3573; x_wconf 85' lang='lat' dir='ltr'><strong>subsecuta</strong></span> <span class='ocrx_word' id='word_1_249' title='bbox 921 3506 1072 3586; x_wconf 89' lang='lat' dir='ltr'><strong>alterius,</strong></span> <span class='ocrx_word' id='word_1_250' title='bbox 1090 3504 1145 3584; x_wconf 88' lang='lat' dir='ltr'><strong>qui</strong></span> <span class='ocrx_word' id='word_1_251' title='bbox 1164 3521 1200 3568; x_wconf 91' lang='lat' dir='ltr'><strong>se</strong></span> <span class='ocrx_word' id='word_1_252' title='bbox 1216 3520 1308 3569; x_wconf 90' lang='lat' dir='ltr'><strong>reum</strong></span> <span class='ocrx_word' id='word_1_253' title='bbox 1325 3499 1409 3566; x_wconf 89' lang='lat' dir='ltr'><strong>dicit</strong></span> 
     </span>
     <span class='ocr_line' id='line_1_30' title="bbox 209 3602 1407 3693; baseline 0.002 -25"><span class='ocrx_word' id='word_1_254' title='bbox 209 3621 296 3686; x_wconf 87' lang='lat' dir='ltr'><strong>esse,</strong></span> <span class='ocrx_word' id='word_1_255' title='bbox 319 3607 498 3671; x_wconf 84' lang='lat' dir='ltr'><strong>secundum</strong></span> <span class='ocrx_word' id='word_1_256' title='bbox 522 3609 645 3691; x_wconf 86' lang='lat' dir='ltr'><strong>rigoris</strong></span> <span class='ocrx_word' id='word_1_257' title='bbox 665 3611 751 3693; x_wconf 85' lang='lat' dir='ltr'><strong>juris</strong></span> <span class='ocrx_word' id='word_1_258' title='bbox 776 3609 988 3690; x_wconf 78' lang='lat' dir='ltr'><strong>exigentiam,</strong></span> <span class='ocrx_word' id='word_1_259' title='bbox 1011 3609 1076 3672; x_wconf 90' lang='lat' dir='ltr'><strong>nisi</strong></span> <span class='ocrx_word' id='word_1_260' title='bbox 1101 3623 1282 3672; x_wconf 87' lang='lat' dir='ltr'><strong>consensus</strong></span> <span class='ocrx_word' id='word_1_261' title='bbox 1300 3602 1407 3686; x_wconf 91' lang='lat' dir='ltr'><strong>partis</strong></span> 
     </span>
     <span class='ocr_line' id='line_1_31' title="bbox 209 3707 1407 3795; baseline 0.003 -25"><span class='ocrx_word' id='word_1_262' title='bbox 209 3715 244 3771; x_wconf 90' lang='lat' dir='ltr'><strong>et</strong></span> <span class='ocrx_word' id='word_1_263' title='bbox 270 3707 396 3788; x_wconf 82' lang='lat' dir='ltr'><strong>judicis</strong></span> <span class='ocrx_word' id='word_1_264' title='bbox 427 3712 469 3774; x_wconf 89' lang='lat' dir='ltr'><strong>ad</strong></span> <span class='ocrx_word' id='word_1_265' title='bbox 499 3712 561 3777; x_wconf 89' lang='lat' dir='ltr'><strong>hoo</strong></span> <span class='ocrx_word' id='word_1_266' title='bbox 592 3715 786 3795; x_wconf 86' lang='lat' dir='ltr'><strong>accesserit,</strong></span> <span class='ocrx_word' id='word_1_267' title='bbox 817 3732 883 3778; x_wconf 89' lang='lat' dir='ltr'><strong>nou</strong></span> <span class='ocrx_word' id='word_1_268' title='bbox 912 3713 1039 3793; x_wconf 89' lang='lat' dir='ltr'><strong>poterit</strong></span> <span class='ocrx_word' id='word_1_269' title='bbox 1069 3711 1217 3776; x_wconf 91' lang='lat' dir='ltr'><strong>liberari.</strong></span> <span class='ocrx_word' id='word_1_270' title='bbox 1252 3708 1295 3774; x_wconf 85' lang='lat' dir='ltr'><strong>Si·</strong></span> <span class='ocrx_word' id='word_1_271' title='bbox 1321 3707 1407 3773; x_wconf 89' lang='lat' dir='ltr'><strong>enim</strong></span> 
     </span>
     <span class='ocr_line' id='line_1_32' title="bbox 206 3810 1407 3898; baseline 0.001 -21"><span class='ocrx_word' id='word_1_272' title='bbox 206 3810 392 3877; x_wconf 84' lang='lat' dir='ltr'><strong>efficaciam</strong></span> <span class='ocrx_word' id='word_1_273' title='bbox 424 3813 501 3881; x_wconf 89' lang='lat' dir='ltr'><strong>talis</strong></span> <span class='ocrx_word' id='word_1_274' title='bbox 534 3817 699 3883; x_wconf 83' lang='lat' dir='ltr'><strong>confessio</strong></span> <span class='ocrx_word' id='word_1_275' title='bbox 730 3821 919 3898; x_wconf 89' lang='lat' dir='ltr'><strong>sortiretur,</strong></span> <span class='ocrx_word' id='word_1_276' title='bbox 945 3821 1068 3884; x_wconf 89' lang='lat' dir='ltr'><strong>absens</strong></span> <span class='ocrx_word' id='word_1_277' title='bbox 1101 3823 1136 3880; x_wconf 89' lang='lat' dir='ltr'><strong>et</strong></span> <span class='ocrx_word' id='word_1_278' title='bbox 1158 3814 1214 3894; x_wconf 92' lang='lat' dir='ltr'><strong>qui</strong></span> <span class='ocrx_word' id='word_1_279' title='bbox 1237 3832 1407 3879; x_wconf 85' lang='lat' dir='ltr'><strong>carcerem</strong></span> 
     </span>
     <span class='ocr_line' id='line_1_33' title="bbox 207 3914 1407 4004; baseline 0.003 -25"><span class='ocrx_word' id='word_1_280' title='bbox 207 3914 328 3996; x_wconf 80' lang='lat' dir='ltr'><strong>evasit,</strong></span> <span class='ocrx_word' id='word_1_281' title='bbox 360 3935 419 3997; x_wconf 92' lang='lat' dir='ltr'><strong>pro</strong></span> <span class='ocrx_word' id='word_1_282' title='bbox 444 3926 623 4000; x_wconf 89' lang='lat' dir='ltr'><strong>praesente</strong></span> <span class='ocrx_word' id='word_1_283' title='bbox 647 3930 682 3987; x_wconf 86' lang='lat' dir='ltr'><strong>ct</strong></span> <span class='ocrx_word' id='word_1_284' title='bbox 705 3924 886 4004; x_wconf 85' lang='lat' dir='ltr'><strong>vinculato,</strong></span> <span class='ocrx_word' id='word_1_285' title='bbox 914 3921 1086 3986; x_wconf 86' lang='lat' dir='ltr'><strong>mendicus</strong></span> <span class='ocrx_word' id='word_1_286' title='bbox 1116 3938 1176 4000; x_wconf 92' lang='lat' dir='ltr'><strong>pro</strong></span> <span class='ocrx_word' id='word_1_287' title='bbox 1207 3917 1322 3999; x_wconf 88' lang='lat' dir='ltr'><strong>divite,</strong></span> <span class='ocrx_word' id='word_1_288' title='bbox 1352 3918 1407 3984; x_wconf 85' lang='lat' dir='ltr'><strong>vel</strong></span> 
     </span>
     <span class='ocr_line' id='line_1_34' title="bbox 206 4017 1406 4108; baseline 0.004 -27"><span class='ocrx_word' id='word_1_289' title='bbox 206 4017 331 4097; x_wconf 89' lang='lat' dir='ltr'><strong>aliquis</strong></span> <span class='ocrx_word' id='word_1_290' title='bbox 354 4019 388 4085; x_wconf 91' lang='lat' dir='ltr'><strong>in</strong></span> <span class='ocrx_word' id='word_1_291' title='bbox 412 4020 578 4104; x_wconf 81' lang='lat' dir='ltr'><strong>dignitate</strong></span> <span class='ocrx_word' id='word_1_292' title='bbox 609 4027 824 4108; x_wconf 68' lang='lat' dir='ltr'><strong>constitutus</strong></span> <span class='ocrx_word' id='word_1_293' title='bbox 850 4026 939 4091; x_wconf 92' lang='lat' dir='ltr'><strong>sicut</strong></span> <span class='ocrx_word' id='word_1_294' title='bbox 962 4024 1114 4104; x_wconf 90' lang='lat' dir='ltr'><strong>superior</strong></span> <span class='ocrx_word' id='word_1_295' title='bbox 1137 4029 1172 4088; x_wconf 89' lang='lat' dir='ltr'><strong>et</strong></span> <span class='ocrx_word' id='word_1_296' title='bbox 1196 4027 1323 4104; x_wconf 88' lang='lat' dir='ltr'><strong>potens,</strong></span> <span class='ocrx_word' id='word_1_297' title='bbox 1347 4039 1406 4103; x_wconf 93' lang='lat' dir='ltr'><strong>pro</strong></span> 
     </span>
     <span class='ocr_line' id='line_1_35' title="bbox 207 4120 1468 4213; baseline 0.004 -28"><span class='ocrx_word' id='word_1_298' title='bbox 207 4120 361 4187; x_wconf 87' lang='lat' dir='ltr'><strong>inferiori</strong></span> <span class='ocrx_word' id='word_1_299' title='bbox 392 4130 427 4189; x_wconf 90' lang='lat' dir='ltr'><strong>et</strong></span> <span class='ocrx_word' id='word_1_300' title='bbox 454 4126 596 4208; x_wconf 89' lang='lat' dir='ltr'><strong>simplici</strong></span> <span class='ocrx_word' id='word_1_301' title='bbox 626 4149 780 4213; x_wconf 90' lang='lat' dir='ltr'><strong>persona,</strong></span> <span class='ocrx_word' id='word_1_302' title='bbox 810 4129 981 4196; x_wconf 88' lang='lat' dir='ltr'><strong>homicidii</strong></span> <span class='ocrx_word' id='word_1_303' title='bbox 1011 4128 1066 4193; x_wconf 84' lang='lat' dir='ltr'><strong>vel</strong></span> <span class='ocrx_word' id='word_1_304' title='bbox 1098 4127 1262 4192; x_wconf 89' lang='lat' dir='ltr'><strong>consimili</strong></span> <span class='ocrx_word' id='word_1_305' title='bbox 1292 4126 1406 4210; x_wconf 85' lang='lat' dir='ltr'><strong>gravis</strong></span> <span class='ocrx_word' id='word_1_306' title='bbox 1466 4174 1468 4177; x_wconf 84' lang='lat'>-</span> 
     </span>
     <span class='ocr_line' id='line_1_36' title="bbox 208 4229 1406 4314; baseline 0.003 -26"><span class='ocrx_word' id='word_1_307' title='bbox 208 4242 369 4291; x_wconf 81' lang='lat' dir='ltr'><strong>excessus</strong></span> <span class='ocrx_word' id='word_1_308' title='bbox 385 4245 528 4294; x_wconf 83' lang='lat' dir='ltr'><strong>sarcum</strong></span> <span class='ocrx_word' id='word_1_309' title='bbox 546 4239 659 4311; x_wconf 88' lang='lat' dir='ltr'><strong>posset</strong></span> <span class='ocrx_word' id='word_1_310' title='bbox 675 4235 843 4314; x_wconf 87' lang='lat' dir='ltr'><strong>confiteri;</strong></span> <span class='ocrx_word' id='word_1_311' title='bbox 869 4239 1006 4314; x_wconf 87' lang='lat' dir='ltr'><strong>propter</strong></span> <span class='ocrx_word' id='word_1_312' title='bbox 1023 4232 1110 4310; x_wconf 93' lang='lat' dir='ltr'><strong>quod</strong></span> <span class='ocrx_word' id='word_1_313' title='bbox 1125 4239 1220 4295; x_wconf 89' lang='lat' dir='ltr'><strong>actor</strong></span> <span class='ocrx_word' id='word_1_314' title='bbox 1245 4229 1406 4311; x_wconf 89' lang='lat' dir='ltr'><strong>impedita</strong></span> 
     </span>
     <span class='ocr_line' id='line_1_37' title="bbox 208 4330 1405 4420; baseline 0.003 -28"><span class='ocrx_word' id='word_1_315' title='bbox 208 4345 271 4393; x_wconf 88' lang='lat' dir='ltr'><strong>seu</strong></span> <span class='ocrx_word' id='word_1_316' title='bbox 294 4330 429 4396; x_wconf 90' lang='lat' dir='ltr'><strong>sublata</strong></span> <span class='ocrx_word' id='word_1_317' title='bbox 449 4333 682 4403; x_wconf 84' lang='lat' dir='ltr'><strong>satisfactione</strong></span> <span class='ocrx_word' id='word_1_318' title='bbox 694 4338 862 4420; x_wconf 84' lang='lat' dir='ltr'><strong>justitiam</strong></span> <span class='ocrx_word' id='word_1_319' title='bbox 878 4356 972 4402; x_wconf 88' lang='lat' dir='ltr'><strong>suam</strong></span> <span class='ocrx_word' id='word_1_320' title='bbox 988 4335 1120 4401; x_wconf 89' lang='lat' dir='ltr'><strong>minime</strong></span> <span class='ocrx_word' id='word_1_321' title='bbox 1137 4338 1405 4412; x_wconf 87' lang='lat' dir='ltr'><strong>consequeretur.</strong></span> 
     </span>
    </p>
   </div>
   <div class='ocr_carea' id='block_1_5' title="bbox 0 0 1642 5009">
    <p class='ocr_par' dir='ltr' id='par_1_5' title="bbox 0 0 1642 5009">
     <span class='ocr_line' id='line_1_38' title="bbox 0 0 1642 5009; baseline 0 2"><span class='ocrx_word' id='word_1_322' title='bbox 0 0 1642 5009; x_wconf 95' lang='lat' dir='ltr'><strong> </strong></span> 
     </span>
    </p>
   </div>
  </div>
 </body>
</html>
