3275 5009
1327 325 1663 380 Brunenses
2620 329 2686 379 95

284 535 563 618 talibuS,
610 552 883 616 quarum
930 554 1062 601 non
1110 540 1215 602 est
1261 535 1544 612 domina,
1594 538 1771 615 quod
1817 536 2036 603 solvat
2068 537 2314 620 debita,
2347 537 2414 602 in
2447 538 2725 618 quibus‘

281 640 469 722 prius
520 642 899 724 tenebatur,
946 639 1251 723 compelli
1296 657 1432 706 non
1479 641 1730 721 poterit
1775 640 1887 708 via
1922 640 2117 723 jnris.

497 796 644 862 161.
688 795 795 858 De
839 794 1074 860 debitis
1122 795 1410 863 obtentis.
1460 796 1847 862 Triturator
1892 796 2158 877 quidam
2223 817 2425 880 super
2484 816 2684 863 unum

282 901 364 966 de
404 900 663 984 juratis
710 901 993 966 mediam
1038 918 1329 966 marcam
1375 919 1760 984 grossorum
1821 900 1890 965 in
1943 896 2197 984 judicio
2261 889 2568 979 obtinuit,
2616 909 2687 968 et

288 1022 438 1070 cum
478 1003 688 1086 judex
735 1005 864 1072 sibi
909 1007 992 1071 de
1041 1006 1318 1088 pignore
1366 1005 1724 1087 providere
1791 1004 2015 1087 vellet,
2077 1005 2323 1085 petivit
2382 1007 2453 1072 in
2514 1007 2685 1072 cista

278 1107 489 1192 jurati
542 1109 852 1174 denarios
900 1110 1135 1190 quaeri
1181 1114 1250 1175 et
1294 1109 1443 1174 illos
1505 1109 1654 1192 sibi,
1717 1128 1863 1174 cum
1925 1111 2239 1176 denarios
2302 1108 2685 1189 obtinuerit,

282 1212 643 1296 assignari.
687 1212 1050 1295 Quaeritur
1096 1233 1271 1299 ergo,
1318 1218 1540 1278 utrum
1606 1214 1733 1280 hoc
1793 1215 1884 1306 sit
1947 1216 2309 1280 secundum
2349 1214 2687 1299 justitiam

282 1316 711 1384 faciendum?
756 1318 866 1383 Et
911 1320 1486 1398 respondetur
1533 1317 2060 1402 diffinitive,
2107 1320 2282 1398 quod
2327 1318 2440 1384 sic.
2498 1319 2685 1386 Unde

284 1423 649 1488 secundum
697 1422 1087 1504 petitionem
1132 1423 1573 1499 trituratoriS,
1621 1441 1793 1502 quae
1831 1422 2016 1504 Justa
2063 1426 2183 1500 est,
2230 1422 2440 1504 judex
2485 1426 2687 1490 debet

284 1528 672 1610 procedere,
720 1532 791 1592 et
835 1527 895 1592 si
942 1527 1254 1593 denarios
1300 1527 1370 1592 in
1419 1527 1943 1593 conservatoriis
1976 1532 2046 1594 et
2079 1527 2269 1593 cistis
2307 1528 2522 1609 jurati
2552 1548 2687 1596 non

285 1628 645 1713 invenerit,
691 1631 935 1715 pignus
983 1631 1115 1697 sibi
1160 1631 1367 1713 dabit,
1412 1631 1482 1696 in
1529 1650 1656 1710 quo
1705 1633 1907 1697 debet
1954 1631 2353 1698 contentari.

499 1787 628 1848 162
722 1787 820 1848 De
896 1785 1130 1867 debitis
1221 1788 1472 1870 partim
1562 1790 1813 1869 ‘ne‘qatv's
1891 1797 1950 1850 et
2015 1790 2272 1872 partim
2348 1790 2678 1872 confessis,

290 1889 358 1955 Si
406 1896 769 1957 accusatus
819 1910 935 1973 pro
984 1893 1232 1959 debitis
1283 1898 1538 1974 partem
1598 1893 1971 1959 debitorum
2029 1898 2236 1976 negat
2298 1897 2367 1958 et
2427 1900 2683 1974 partem

287 1994 601 2078 affirmat,
649 1997 910 2075 quando
955 2012 1075 2077 pro
1123 2002 1319 2078 parte
1363 2003 1615 2080 negata
1653 1998 1885 2080 Jurare
1933 1998 2153 2080 debet,
2198 2001 2458 2077 partem
2507 2000 2684 2064 affin.

286 2105 533 2166 matam
581 2100 667 2165 ad
717 2117 979 2165 crucem
1037 2107 1260 2182 ponat.

492 2256 643 2320 163.
693 2256 793 2318 De
840 2256 1077 2318 debitis
1124 2256 1376 2320 solutis.
1424 2258 1595 2324 Hoc
1640 2262 1779 2323 est
1816 2257 1958 2339 Jus
2005 2257 2498 2337 antiquum:
2557 2259 2687 2342 Qui

285 2378 396 2440 pro
447 2358 700 2426 debitis
764 2378 987 2426 coram
1047 2361 1301 2443 ,iudicio
1362 2361 1760 2442 simpliciter
1819 2366 2173 2434 accusatus
2244 2363 2686 2446 responderit,

290 2467 459 2544 quod
489 2482 572 2529 ea
596 2464 1019 2548 persolverit,
1044 2470 1318 2530 tenetur
1341 2466 1552 2533 hocin
1573 2485 1770 2531 cruce
1805 2466 2189 2531 mettertius
2212 2467 2685 2534 demonstrare.

499 2621 645 2685 164.
690 2619 802 2683 Ad
867 2621 1054 2684 idem.
1124 2621 1194 2688 Si
1265 2623 1558 2688 creditor
1625 2623 1810 2689 dicat
1874 2642 1947 2689 se
2008 2623 2294 2703 aliquam
2364 2626 2683 2704 pecuniae

296 2725 741 2803 quantitatem
790 2745 830 2790 a
878 2725 1181 2793 debitore
1228 2726 1297 2791 in
1343 2727 1610 2809 debitis,
1656 2728 1726 2792 in
1774 2727 2007 2808 quibus
2054 2728 2180 2793 sibi
2213 2745 2332 2808 pro
2380 2745 2452 2792 se
2499 2732 2682 2794 tene-

294 2830 507 2912 batur,
554 2829 911 2913 recepisse,
960 2830 1223 2895 debitor
1253 2836 1476 2896 autem
1511 2831 1693 2896 dicat
1745 2834 2021 2896 eandem
2077 2831 2420 2912 pecuniam
2453 2850 2583 2897 non
2614 2833 2683 2898 in

295 2932 554 3015 debitiS,
573 2952 742 3013 quae
769 2933 1064 2999 creditor
1088 2933 1419 3018 exprimit,
1447 2935 1659 3001 sedin
1684 2935 1836 3000 aliis
1863 2934 2106 3001 debitis
2132 2953 2205 3000 se
2231 2935 2360 2999 sibi
2385 2937 2683 3002 dedisse:

294 3035 358 3101 in
417 3037 541 3102 hoc
619 3055 783 3104 casu
858 3037 1081 3120 potius
1144 3042 1249 3104 est
1297 3040 1698 3105 credendum
1744 3038 2051 3120 debitori,
2107 3057 2300 3118 quam
2346 3041 2682 3106 creditori.

497 3195 643 3261 165.
689 3194 791 3257 De
836 3193 1070 3256 debitis
1117 3193 1348 3255 solutis
1394 3203 1540 3256 ante
1588 3195 1948 3259 terminum.
2002 3194 2153 3259 Non
2202 3201 2307 3260 est
2352 3198 2681 3262 arcendus

298 3297 601 3380 creditor,
637 3299 809 3378 quod
842 3304 999 3363 ante
1046 3298 1396 3363 terminum
1447 3299 1766 3378 pecuniae
1815 3304 2074 3380 partem
2120 3297 2423 3383 recipiat,
2469 3305 2682 3365 totum

299 3405 513 3467 autem
560 3402 875 3486 debitum,
923 3402 1116 3468 simul
1163 3403 1292 3468 sibi
1338 3403 1652 3486 oblatum,
1711 3403 2012 3484 recipere
2059 3406 2141 3468 de
2183 3405 2332 3486 jure
2378 3408 2681 3484 tenetur,

298 3504 422 3570 imo
466 3507 523 3572 si
564 3507 825 3591 ratione
872 3506 1139 3572 termini
1189 3525 1455 3572 censum
1503 3509 1611 3573 vel
1654 3507 1834 3572 aliud
1870 3507 2357 3574 emolimentum
2390 3508 2682 3574 creditor

303 3609 383 3673 de
427 3611 643 3676 debito
692 3610 783 3676 sit
827 3616 1285 3692 percepturUS,
1331 3611 1551 3676 adhuc
1597 3610 1711 3676 illo
1759 3629 1889 3676 non
1937 3613 2242 3694 deduct0‚
2312 3612 2372 3677 si
2418 3610 2682 3677 debitor

305 3713 487 3797 petit,
532 3713 832 3796 patietur
876 3716 1240 3780 secundum
1287 3714 1617 3799 justitiam
1665 3733 1737 3779 se
1784 3716 2037 3798 pagari.

498 3878 643 3946 166.
691 3877 797 3941 De
841 3878 1076 3942 debitis
1126 3888 1430 3960 quantum
1480 3879 1567 3942 ad
1611 3880 1931 3941 rationem
1978 3889 2037 3942 et
2085 3889 2460 3964 compotum.
2511 3879 2681 3963 Quia

302 3978 676 4059 frequenter
698 4000 817 4065 pro
842 3983 1104 4049 ratione
1129 4001 1247 4048 seu
1275 3993 1573 4064 compoto
1602 3983 1978 4049 debitorum
1998 3989 2226 4064 partes
2245 3987 2679 4070 contendunt,

305 4081 649 4151 cribratum
696 4091 822 4169 est,
869 4089 1060 4168 quod,
1108 4085 1167 4151 si
1212 4105 1347 4152 una
1393 4087 1684 4168 partium
1730 4090 1811 4152 ab
1863 4088 1996 4153 alia
2028 4088 2354 4154 rationem
2386 4088 2681 4168 petierit,

305 4188 521 4252 statim
565 4195 755 4256 extra
800 4193 1049 4257 bancos
1099 4191 1465 4274 judicarios
1531 4194 1762 4257 eadem
1825 4192 1998 4256 ratio
2062 4194 2422 4273 habeatur3
2490 4199 2558 4257 et
2621 4191 2680 4257 si

306 4291 683 4360 rationando
730 4313 850 4361 seu
895 4297 1335 4376 computando
1381 4314 1511 4361 non
1579 4297 2154 4373 concordaverint,
2214 4295 2431 4362 actori
2477 4316 2518 4361 a
2563 4314 2677 4362 reo
