3275 5009
678 354 846 406 Brunenses.
1314 351 1377 406 149¹

155 564 282 648 legata
303 563 418 647 inerit,
439 568 475 628 et
497 563 527 630 si
549 581 663 631 onmes
693 563 780 629 tales
810 562 954 629 extincti
976 559 1119 628 inerint:
1142 562 1185 626 ad
1208 559 1364 626 mulieres

155 668 424 750 superviventes
457 667 530 749 ipso
559 668 636 752 Jure
677 667 884 734 devolvetur.
929 666 983 732 Et
1025 670 1093 732 est
1124 663 1364 756 responsio,

154 775 252 852 quod
276 773 359 838 beet
381 791 447 839 non
470 771 745 839 exordinatione
774 771 963 854 testatoris,
993 776 1107 838 tamen
1130 764 1171 835 ex
1190 769 1267 854 jure
1291 787 1363 836 suo·

158 876 333 943 sessionis
366 875 440 959 ipsa
472 877 644 944 hereditas
677 879 720 942 ad
754 875 911 943 mulieres
945 875 1147 957 superstites
1181 874 1366 940 dinoscitur

152 982 348 1061 pertinere.
369 982 451 1047 Cum
474 981 560 1048 enim
582 981 759 1063 dispositio
781 979 977 1048 testamenti
999 979 1033 1044 in
1057 977 1119 1044 tali
1149 996 1229 1044 oasa
1258 983 1365 1044 morte

157 1084 417 1152 interveniente
440 1085 582 1151 ulterius
605 1087 789 1167 procedere
811 1103 877 1154 non
905 1085 1041 1168 poterit,
1070 1083 1272 1149 conveniens
1302 1087 1365 1165 est,

153 1192 254 1268 epod
290 1193 347 1273 jus
385 1189 625 1256 hereditarium
668 1191 777 1272 ipsum
824 1193 1060 1255 testamentum
1098 1185 1214 1253 ordine
1251 1185 1365 1252 debito

156 1300 341 1378 sequatur.

276 1451 354 1531 343,
375 1451 448 1518 344.
481 1450 530 1514 De
551 1451 743 1515 hereditatis
771 1449 942 1518 diuisione.
968 1449 1007 1516 Si
1029 1450 1170 1520 heredes
1191 1451 1258 1516 duo
1281 1442 1366 1516 bona
1461 1456 1465 1468 “

164 1556 467 1634 praedeeessorum
496 1573 629 1621 suornm
659 1555 752 1623 inter
779 1574 817 1622 se
848 1557 995 1622 debeant
1022 1553 1183 1636 dividere,
1212 1557 1294 1620 tune
1324 1555 1367 1620 ad
1441 1607 1444 1610 .

155 1658 335 1725 seniorem
347 1659 436 1726 siout
446 1660 490 1725 ad
501 1659 751 1742 prudentiorem
764 1661 911 1740 pertinet
928 1659 1089 1742 dividere,
1104 1665 1140 1724 et
1154 1660 1197 1724 ad
1208 1658 1367 1726 minorem

159 1771 315 1846 spectat,
340 1773 477 1846 partem,
501 1783 598 1844 qnam
620 1765 775 1847 voluerit,
799 1764 935 1847 eligere,
957 1763 1030 1846 ipso
1048 1762 1133 1846 jure.

274 1867 318 1934 It.
340 1869 369 1934 si
392 1874 532 1950 propter
553 1870 717 1935 secundas
739 1868 876 1950 nuptias
907 1873 1014 1936 mater
1035 1869 1078 1934 de
1101 1866 1196 1934 bonis
1228 1885 1367 1934 eommu-

162 1972 269 2039 nibns
298 1991 392 2039 snam
423 1973 558 2040 tertiam
588 1975 735 2042 voluerit
764 1972 921 2058 exeipere
952 1977 1090 2056 partem,
1120 1971 1178 2038 illa
1207 1971 1242 2038 in
1271 1969 1366 2040 bonis

158 2075 357 2161 mobilibus,
378 2076 409 2143 si
430 2084 519 2156 sunt,
543 2083 597 2144 est
619 2077 685 2144 sibi
707 2079 825 2146 danda
850 2078 931 2144 Cum
953 2075 1041 2145 euim
1064 2093 1177 2142 semen
1201 2075 1308 2156 patris
1332 2079 1368 2140 et

153 2167 329 2247 'memoria
351 2181 600 2247 remuneratio
623 2180 744 2264 pneris,
774 2186 810 2249 et
841 2201 907 2248 non
937 2181 971 2248 in
993 2198 1103 2259 uxore,
1134 2179 1367 2246 rationabilius

158 2292 231 2366 est,
256 2287 345 2366 quod
367 2287 454 2353 bona
476 2286 756 2368 permanentium,
779 2286 868 2352 siout
890 2292 970 2352 sunt
992 2284 1171 2352 immobilia
1188 2288 1223 2351 et
1237 2283 1367 2350 heredi·

159 2389 269 2474 teria,
292 2388 407 2471 pueris
429 2389 655 2475 assignentur.
1235 2389 1238 2394 ’

275 2545 350 2612 345.
379 2543 430 2609 De
451 2544 656 2611 hereditaria
680 2546 887 2612 nasamone.
916 2544 998 2612 Filii
1028 2545 1167 2630 legitimi
1197 2545 1232 2611 in
1261 2545 1369 2612 omnia

165 2650 259 2716 bona
282 2654 496 2732 perpetrem
527 2648 649 2717 relicta
676 2651 858 2718 seeundum
884 2649 1052 2736 justitiam
1083 2651 1275 2718 sooeedant
1305 2649 1369 2716 Est

156 2748 285 2839 'tamen
308 2751 397 2834 pium
422 2758 457 2819 et
478 2755 715 2834 quodammodo
737 2753 947 2837 rationabile,
970 2755 1058 2836 quod
1077 2753 1218 2838 legitimi
1233 2758 1368 2821 nature-

160 2855 261 2922 libus
277 2855 542 2940 misericorditer
556 2858 808 2925 subvenientia
824 2858 935 2927 vietus
948 2865 984 2925 et
1000 2857 1143 2926 amiotus
1154 2856 1368 2924 necessitate.

279 3011 510 3095 346.a)1tem,
549 3012 643 3094 pueri
673 3013 811 3080 virente
840 3031 943 3080 uxore
972 3012 1122 3096 legitima
1152 3012 1297 3098 alicujus
1327 3029 1372 3078 ex

161 3116 357 3182 eonoubina
380 3135 441 3198 per
462 3118 602 3183 eundem
628 3122 791 3202 generati,
819 3137 887 3185 non
918 3123 998 3184 sunt
1026 3117 1178 3202 legitimi,
1206 3135 1269 3183 neo
1295 3133 1369 3183 oum

163 3221 353 3289 ..heredibus
383 3220 544 3304 legitimis
566 3220 603 3288 in
624 3222 720 3289 bonis
749 3226 928 3304 parentum
955 3220 1146 3306 percipiunt
1174 3221 1370 3306 portionem.

279 3375 399 3466 mab),
409 3379 493 3460 347,
505 3378 578 3443 318.
589 3376 640 3442 De
652 3378 852 3442 hereditarie
867 3378 1063 3442 somessione
1074 3385 1105 3441 et
1115 3383 1203 3440 stato
1219 3377 1369 3440 heredum

172 3495 203 3546 er,
218 3483 379 3562 filiorem.
403 3482 602 3564 Notandum,
635 3484 723 3562 quod
750 3481 960 3565 quadruplex
991 3486 1043 3549 est
1073 3487 1184 3548 status
1213 3481 1369 3548 filiorum:

164 3587 316 3674 Quidam
339 3596 418 3652 sunt
440 3587 612 3652 naturales
635 3590 671 3652 et
692 3585 844 3670 legitimi,
876 3592 914 3652 ut
936 3585 994 3668 ilii,
1025 3585 1082 3666 qui
1112 3594 1298 3652 naseuntur
1328 3602 1371 3650 ex

165 3691 324 3775 legitimo
354 3689 572 3774 matrimonio,
606 3683 692 3770 quod
723 3696 778 3756 est
805 3689 991 3772 legitimum
1021 3690 1205 3756 seeundum
1235 3705 1305 3756 rem
1335 3692 1371 3755 et

168 3797 340 3863 rationem
362 3814 436 3862 eum
458 3795 700 3879 approbatione
722 3773 898 3861 eoeles'iae.
920 3793 989 3860 Alii
1012 3811 1092 3860 vero
1116 3791 1289 3859 naturales
1305 3809 1371 3858 uon

176 3899 327 3984 legitimi,
349 3904 389 3966 nt
404 3899 461 3980 qui
475 3904 662 3966 naseuntur
677 3916 719 3965 ex
735 3899 929 3964 concubina.
955 3897 1022 3962 Alii
1038 3915 1118 3963 vero
1136 3903 1214 3961 sunt
1229 3895 1372 3978 legitimi

167 4011 316 4086 tantum,
338 4011 377 4068 nt
400 4004 455 4083 qui
478 4021 540 4085 per
561 4002 773 4084 adoptionem
789 4000 853 4067 nni
875 4000 1074 4068 effitiantur.
1105 3999 1176 4088 Alii
1206 4016 1286 4065 vero
1304 4015 1372 4066 neo

172 4109 350 4175 naturales
373 4125 436 4173 neo
458 4107 608 4192 legitimi,
631 4114 670 4170 ut
691 4105 748 4186 qui
777 4125 820 4172 ex
849 4107 1026 4187 dampnato
1058 4104 1148 4170 ooitu
1178 4108 1372 4183 naseuntur,

169 4231 223 4280 se.
256 4229 297 4278 ex
326 4210 493 4278 adulterio
520 4215 556 4276 et
577 4211 719 4277 inoestu.
751 4208 797 4274 Et
830 4209 919 4275 inter
949 4207 1033 4274 istos
1063 4205 1160 4290 primi
1190 4205 1252 4272 lilii
1283 4207 1371 4273 bona

171 4322 352 4402 parentum
375 4313 547 4397 potissime
569 4312 799 4397 possidebunt.
