3275 5009
235 369 269 420 90
557 363 558 368 ¹
751 369 918 427 Sententiae

235 577 387 657 termino,
410 582 505 644 actor
528 581 723 664 comparuit,
747 599 826 648 reus
849 598 930 647 vero
952 579 1105 646 nuntium
1128 595 1187 660 pro
1203 596 1241 644 se
1255 576 1355 660 misit,
1379 577 1442 657 qui

235 681 408 762 proposuit
431 700 505 748 eum
528 684 732 752 infirmitatis
756 689 859 752 causa
881 685 998 751 venire
1018 701 1084 750 non
1099 701 1206 765 posse.
1230 681 1301 768 Quo
1318 680 1437 747 audito

235 789 331 851 actor
353 785 455 853 dixit:
481 787 553 870 „Ex
576 806 639 868 quo
663 807 741 855 reus
765 789 927 855 sororium
951 807 1046 854 suum
1068 787 1294 869 responsalem
1310 790 1346 850 et
1360 803 1439 866 pro-

235 899 422 956 curatorem
438 910 497 972 pro
513 909 550 958 se
567 891 752 978 constituit,
767 893 824 974 qui
839 892 1063 974 personaliter
1078 891 1132 957 bic
1154 893 1261 974 adest,
1285 894 1372 971 peto,
1396 895 1436 955 ut

235 992 292 1060 ille
323 993 405 1060 meis
440 995 658 1076 compellatur
688 995 903 1076 querimoniis
933 996 1167 1078 responderet
1199 993 1263 1076 Qui
1286 992 1436 1059 sororius

235 1097 318 1163 baec
338 1100 441 1164 verba
457 1099 615 1181 protulit:
643 1101 753 1184 ,Nihil
768 1101 843 1166 volo
861 1101 987 1168 sororio
1004 1118 1075 1166 meo
1091 1099 1125 1165 in
1141 1098 1265 1182 iudicio
1288 1098 1437 1179 perdere

235 1201 288 1270 vel
312 1202 446 1285 lucrari,
469 1222 531 1269 nec
555 1205 783 1286 procuratoris
808 1205 952 1271 officium
976 1223 1102 1289 gerere
1118 1204 1170 1271 sui
1196 1204 1298 1269 loco‘t
1329 1202 1439 1266 Actor

236 1325 315 1390 ergo
339 1308 516 1390 replicans,
540 1327 612 1374 cum
636 1327 714 1375 reus
738 1328 805 1376 non
832 1327 893 1391 per
919 1328 966 1392 se,
996 1327 1058 1375 nec
1090 1326 1150 1391 per
1174 1311 1437 1389 procuratorem,

199 1397 202 1402 ’
236 1411 290 1476 cui
312 1412 404 1478 vices
429 1413 507 1478 suas
531 1413 750 1494 commiserat,
774 1415 808 1478 in
832 1412 973 1479 termino
1002 1412 1224 1495 peremptorio
1251 1411 1307 1495 jus
1339 1427 1437 1476 suum

235 1516 440 1599 defenderet,
474 1517 597 1598 petivit
629 1518 736 1600 ipsum
770 1518 836 1584 sibi
870 1520 913 1583 ad
946 1520 1088 1599 dampna
1121 1521 1158 1582 et
1190 1519 1233 1582 ad
1267 1516 1437 1580 interesse

238 1620 490 1687 sententialiter
506 1621 751 1705 condempnari,
767 1639 871 1703 quare
887 1621 1030 1703 petimus
1047 1622 1099 1708 (ut
1113 1621 1226 1706 infra).
1249 1620 1358 1701 Super
1373 1635 1441 1698 quo

236 1725 557 1791 sententiatum
591 1732 660 1793 est:
694 1727 747 1792 Er
781 1745 846 1807 quo
882 1726 1043 1793 sororium
1074 1743 1152 1792 reus
1185 1744 1280 1791 suum
1311 1741 1436 1790 causae

236 1833 484 1911 procuratorem
509 1829 686 1895 constituit
709 1836 743 1896 et
765 1829 855 1895 idem
877 1832 1019 1897 tacendo
1045 1829 1269 1911 procuratoris
1292 1827 1436 1894 officium

235 1933 426 2015 assumpsit,
457 1936 563 2000 verba
593 1952 679 2014 quae
709 1939 829 2016 postea
859 1933 924 2000 alio
950 1933 1077 2017 judicio
1107 1951 1144 1999 se
1171 1933 1258 2000 nolle
1292 1934 1436 2014 perdere

235 2039 291 2106 vel
312 2038 435 2104 lucrari
466 2039 654 2120 replicavit,
683 2039 809 2104 nullum
841 2037 1006 2121 affectum,
1038 2058 1111 2105 cum
1143 2039 1285 2104 absente
1311 2055 1368 2104 reo
1393 2055 1437 2102 ea

237 2143 424 2225 protulerit,
447 2147 525 2209 sunt
552 2144 691 2226 sortite3
719 2145 806 2210 unde
830 2152 926 2208 actor
956 2143 1121 2208 intentum
1151 2160 1255 2225 suum,
1282 2143 1368 2222 quod
1393 2144 1436 2208 de

236 2245 405 2312 refusione
428 2246 561 2328 dampni
585 2247 768 2330 proposuit,
792 2252 845 2313 est
864 2247 1084 2330 justicialiter
1107 2251 1315 2313 consecutus.

341 2349 387 2414 Et
399 2351 452 2415 bic
465 2351 600 2434 collige:
614 2350 709 2433 Quod
720 2356 839 2418 tacens
852 2352 1044 2418 consentire
1055 2351 1198 2433 videtur,
1207 2356 1244 2417 et
1254 2352 1435 2432 praecipue

237 2472 346 2520 coram
365 2453 490 2536 judicio
515 2461 715 2537 contestato,
735 2461 771 2522 et
786 2457 848 2522 hoc
865 2460 959 2537 patet
974 2457 1009 2521 iu
1025 2461 1139 2521 actore
1156 2459 1381 2536 conquerente
1398 2459 1435 2520 et

236 2575 293 2622 reo
309 2576 374 2623 non
390 2561 623 2638 respondente,
643 2561 699 2640 qui
715 2579 756 2626 ex
777 2560 1013 2625 taciturnitate
1029 2575 1090 2626 sua
1102 2561 1178 2644 jure
1195 2578 1254 2625 suo
1271 2561 1434 2642 privatur.

236 2661 340 2728 Secus
365 2666 477 2727 autem
493 2668 555 2746 est,
579 2665 607 2728 si
624 2683 702 2745 pars
719 2666 761 2730 ad
778 2664 1076 2748 interrogationem
1091 2663 1211 2748 Judicis
1237 2666 1434 2744 quandoque

236 2786 301 2832 non
324 2770 535 2850 respondeat,
559 2770 618 2834 sed
635 2774 762 2850 taceat,
778 2770 917 2834 multum
934 2769 1019 2834 enim
1035 2770 1180 2835 interest
1195 2768 1284 2834 inter
1300 2773 1431 2851 partem

236 2876 271 2936 et
278 2871 431 2954 judicem.
449 2871 573 2937 Tauren
586 2872 616 2936 si
625 2874 745 2953 juratis
757 2892 817 2954 pro
831 2873 1033 2954 experienda
1045 2873 1192 2940 veritate
1205 2873 1311 2939 visum
1327 2871 1432 2938 fuerit

236 2976 403 3056 expedire,
421 2994 497 3056 pars
509 2977 552 3041 ad
564 2976 860 3058 interrogationem
867 2977 991 3061 judicis
1003 2977 1198 3043 affirmando
1210 2978 1266 3044 vel
1278 2980 1433 3060 negando
1523 3013 1526 3016 ·

237 3079 369 3159 publice
393 3080 619 3161 respondebit.

341 3183 370 3248 N
372 3189 428 3248 ota
444 3184 555 3266 etiam,
572 3187 659 3264 quod
676 3187 818 3266 dampna
834 3185 927 3267 talia,
942 3204 1027 3266 quae
1044 3185 1202 3251 dicuntur
1216 3185 1434 3268 hereditaria,

237 3304 278 3351 ex
303 3292 373 3370 boc,
396 3288 481 3367 quod
505 3289 589 3354 fiunt
611 3289 645 3354 in
677 3289 931 3372 hereditatibus,
950 3289 1121 3372 Juratide
1148 3293 1234 3356 bono
1258 3296 1294 3356 et
1317 3307 1434 3374 aeouo,

237 3391 325 3456 sicut
348 3391 396 3457 eis
421 3392 528 3458 visum
551 3392 663 3477 suerit,
686 3395 811 3460 habent
835 3399 963 3472 taxare,
986 3396 1176 3478 juramento
1210 3395 1434 3477 nihilominus,

166 3527 168 3531 v
236 3494 265 3558 si
288 3496 514 3570 necessarium
536 3496 649 3578 fuerit,
684 3500 725 3562 ab
756 3499 830 3578 ipso
861 3500 1036 3564 obtentore
1069 3499 1232 3579 praestito
1259 3498 1434 3581 corporali,

237 3601 323 3676 quod
347 3605 458 3664 tamen
478 3600 702 3683 juramentum
728 3601 896 3667 taxationi
930 3621 989 3682 por
1016 3602 1147 3683 juratos
1170 3602 1344 3670 faciendae
1368 3621 1434 3668 non

237 3702 392 3769 obstabit.
425 3703 458 3769 Is
490 3707 666 3785 dampnum
704 3707 770 3784 dat,
802 3706 859 3784 qui
891 3707 982 3787 jubet
1014 3709 1104 3789 dare,
1135 3711 1181 3788 ut,
1206 3706 1235 3772 si
1257 3710 1355 3787 pater
1378 3706 1435 3773 vel

237 3806 388 3870 dominus
401 3805 477 3872 filiis
491 3809 543 3872 vel
558 3808 665 3873 servis
678 3808 853 3890 praecipit,
865 3814 1011 3893 tenetur,
1021 3817 1055 3876 et
1066 3811 1224 3876 obediens
1237 3815 1434 3894 excusatum

236 3907 291 3976 vel
306 3909 335 3972 si
352 3910 561 3992 praecipiens
578 3913 700 3977 nullum
713 3912 768 3994 jus
784 3914 969 3993 imperandi
986 3916 1099 3997 habet,
1115 3920 1257 3998 uterque
1280 3920 1437 3992 tenetur3

238 4015 307 4097 ejus
321 4031 401 4079 vero
414 4015 505 4079 nulla
520 4023 574 4080 est
590 4015 696 4098 culpe,
713 4017 766 4082 cui
781 4035 900 4098 parere
917 4037 1055 4084 necesse
1072 4019 1126 4086 sit.
1142 4020 1245 4087 Nemo
1256 4023 1437 4100 dampnum

236 4115 327 4198 iacit,
351 4118 416 4182 nisi
439 4119 495 4197 qui
518 4119 552 4183 id
575 4117 666 4201 facit,
698 4123 785 4201 quod
814 4120 927 4187 iacere
957 4124 1013 4205 jus
1042 4141 1108 4190 non
1137 4124 1256 4204 habet3
1280 4132 1315 4191 et
1349 4144 1436 4207 pone

236 4222 419 4300 exemplum
442 4221 476 4286 in
495 4221 619 4305 judice,
643 4224 698 4303 qui
722 4224 816 4290 dedit
843 4223 1019 4306 dampnum
1036 4227 1135 4294 elicui
1153 4229 1351 4310 contumaci,
1369 4248 1436 4296 non

236 4329 349 4390 tamen
372 4324 446 4389 ideo
470 4331 613 4392 tenetur.
