<?xml version="1.0" encoding="UTF-8"?>
<!DOCTYPE html PUBLIC "-//W3C//DTD XHTML 1.0 Transitional//EN"
    "http://www.w3.org/TR/xhtml1/DTD/xhtml1-transitional.dtd">
<html xmlns="http://www.w3.org/1999/xhtml" xml:lang="en" lang="en">
 <head>
  <title>
</title>
<meta http-equiv="Content-Type" content="text/html;charset=utf-8" />
  <meta name='ocr-system' content='tesseract 3.04.00' />
  <meta name='ocr-capabilities' content='ocr_page ocr_carea ocr_par ocr_line ocrx_word'/>
</head>
<body>
  <div class='ocr_page' id='page_1' title='image "./codexjurisbohem00unkngoog_0334.png"; bbox 0 0 3275 5009; ppageno 0'>
   <div class='ocr_carea' id='block_1_1' title="bbox 203 330 877 386">
    <p class='ocr_par' dir='ltr' id='par_1_1' title="bbox 203 330 877 386">
     <span class='ocr_line' id='line_1_1' title="bbox 203 330 877 386; baseline -0.001 -4"><span class='ocrx_word' id='word_1_1' title='bbox 203 331 254 386; x_wconf 87' lang='grc'>318</span> <span class='ocrx_word' id='word_1_2' title='bbox 730 330 877 383; x_wconf 84' lang='lat' dir='ltr'>Addenda:</span> 
     </span>
    </p>
   </div>
   <div class='ocr_carea' id='block_1_2' title="bbox 203 539 1399 1043">
    <p class='ocr_par' dir='ltr' id='par_1_2' title="bbox 203 539 1399 1043">
     <span class='ocr_line' id='line_1_2' title="bbox 203 539 1399 623; baseline -0.001 -18"><span class='ocrx_word' id='word_1_3' title='bbox 203 539 394 623; x_wconf 84' lang='lat' dir='ltr'>fiuclrtigom</span> <span class='ocrx_word' id='word_1_4' title='bbox 417 539 473 605; x_wconf 80' lang='lat' dir='ltr'>fut</span> <span class='ocrx_word' id='word_1_5' title='bbox 498 542 562 605; x_wconf 92' lang='lat' dir='ltr'>und</span> <span class='ocrx_word' id='word_1_6' title='bbox 586 540 640 604; x_wconf 90' lang='lat' dir='ltr'>ein</span> <span class='ocrx_word' id='word_1_7' title='bbox 665 540 774 619; x_wconf 86' lang='lat' dir='ltr'>ploses</span> <span class='ocrx_word' id='word_1_8' title='bbox 802 540 947 623; x_wconf 80' lang='lat' dir='ltr'>plutiges</span> <span class='ocrx_word' id='word_1_9' title='bbox 979 545 1082 607; x_wconf 77' lang='lat' dir='ltr'>swert</span> <span class='ocrx_word' id='word_1_10' title='bbox 1106 540 1141 605; x_wconf 91' lang='lat' dir='ltr'>in</span> <span class='ocrx_word' id='word_1_11' title='bbox 1165 541 1276 607; x_wconf 85' lang='lat' dir='ltr'>seiner</span> <span class='ocrx_word' id='word_1_12' title='bbox 1305 542 1399 622; x_wconf 86' lang='lat' dir='ltr'>hant,</span> 
     </span>
     <span class='ocr_line' id='line_1_3' title="bbox 203 643 1398 729; baseline -0.003 -18"><span class='ocrx_word' id='word_1_13' title='bbox 203 646 364 711; x_wconf 89' lang='lat' dir='ltr'>nochdem</span> <span class='ocrx_word' id='word_1_14' title='bbox 405 665 434 710; x_wconf 91' lang='lat' dir='ltr'>u.</span> <span class='ocrx_word' id='word_1_15' title='bbox 473 663 548 709; x_wconf 90' lang='lat' dir='ltr'>man</span> <span class='ocrx_word' id='word_1_16' title='bbox 586 663 631 725; x_wconf 88' lang='lat' dir='ltr'>yn</span> <span class='ocrx_word' id='word_1_17' title='bbox 675 648 750 711; x_wconf 92' lang='lat' dir='ltr'>umb</span> <span class='ocrx_word' id='word_1_18' title='bbox 796 643 894 711; x_wconf 87' lang='lat' dir='ltr'>einen</span> <span class='ocrx_word' id='word_1_19' title='bbox 939 647 1065 729; x_wconf 85' lang='lat' dir='ltr'>totslag</span> <span class='ocrx_word' id='word_1_20' title='bbox 1109 647 1183 711; x_wconf 90' lang='lat' dir='ltr'>hott</span> <span class='ocrx_word' id='word_1_21' title='bbox 1229 645 1398 727; x_wconf 77' lang='lat' dir='ltr'>berzigen.</span> 
     </span>
     <span class='ocr_line' id='line_1_4' title="bbox 205 748 1398 831; baseline 0.002 -20"><span class='ocrx_word' id='word_1_22' title='bbox 205 749 397 815; x_wconf 81' lang='lat' dir='ltr'>Danuber</span> <span class='ocrx_word' id='word_1_23' title='bbox 429 754 536 814; x_wconf 89' lang='lat' dir='ltr'>wart</span> <span class='ocrx_word' id='word_1_24' title='bbox 570 748 749 831; x_wconf 82' lang='lat' dir='ltr'>getailt:</span> <span class='ocrx_word' id='word_1_25' title='bbox 784 749 890 814; x_wconf 90' lang='lat' dir='ltr'>Wurd</span> <span class='ocrx_word' id='word_1_26' title='bbox 925 768 962 815; x_wconf 89' lang='grc'>01</span> <span class='ocrx_word' id='word_1_27' title='bbox 994 753 1054 816; x_wconf 88' lang='lat' dir='ltr'>des</span> <span class='ocrx_word' id='word_1_28' title='bbox 1088 751 1313 816; x_wconf 84' lang='lat' dir='ltr'>uberwunden</span> <span class='ocrx_word' id='word_1_29' title='bbox 1337 751 1398 814; x_wconf 85' lang='lat' dir='ltr'>mit</span> 
     </span>
     <span class='ocr_line' id='line_1_5' title="bbox 203 852 1397 937; baseline 0 -18"><span class='ocrx_word' id='word_1_30' title='bbox 203 856 378 936; x_wconf 79' lang='lat' dir='ltr'>scheppem</span> <span class='ocrx_word' id='word_1_31' title='bbox 403 872 471 919; x_wconf 87' lang='lat' dir='ltr'>sam</span> <span class='ocrx_word' id='word_1_32' title='bbox 495 852 549 919; x_wconf 88' lang='lat' dir='ltr'>ein</span> <span class='ocrx_word' id='word_1_33' title='bbox 572 854 668 919; x_wconf 88' lang='lat' dir='ltr'>recht</span> <span class='ocrx_word' id='word_1_34' title='bbox 691 855 744 934; x_wconf 86' lang='lat' dir='ltr'>ist,</span> <span class='ocrx_word' id='word_1_35' title='bbox 762 872 798 919; x_wconf 88' lang='lat' dir='ltr'>er</span> <span class='ocrx_word' id='word_1_36' title='bbox 814 855 888 919; x_wconf 92' lang='lat' dir='ltr'>suld</span> <span class='ocrx_word' id='word_1_37' title='bbox 904 854 957 919; x_wconf 92' lang='lat' dir='ltr'>die</span> <span class='ocrx_word' id='word_1_38' title='bbox 974 872 1174 937; x_wconf 84' lang='lat' dir='ltr'>geczewgen</span> <span class='ocrx_word' id='word_1_39' title='bbox 1191 855 1312 936; x_wconf 88' lang='lat' dir='ltr'>leyden</span> <span class='ocrx_word' id='word_1_40' title='bbox 1329 857 1397 919; x_wconf 90' lang='lat' dir='ltr'>und</span> 
     </span>
     <span class='ocr_line' id='line_1_6' title="bbox 204 958 1090 1043; baseline 0 -19"><span class='ocrx_word' id='word_1_41' title='bbox 204 960 313 1025; x_wconf 91' lang='lat' dir='ltr'>mocht</span> <span class='ocrx_word' id='word_1_42' title='bbox 336 977 418 1041; x_wconf 86' lang='lat' dir='ltr'>seyn</span> <span class='ocrx_word' id='word_1_43' title='bbox 441 960 573 1025; x_wconf 87' lang='lat' dir='ltr'>lawken</span> <span class='ocrx_word' id='word_1_44' title='bbox 599 958 692 1024; x_wconf 89' lang='lat' dir='ltr'>nicht</span> <span class='ocrx_word' id='word_1_45' title='bbox 716 958 768 1023; x_wconf 83' lang='lat' dir='ltr'>fur</span> <span class='ocrx_word' id='word_1_46' title='bbox 791 960 963 1041; x_wconf 84' lang='lat' dir='ltr'>geczihen.</span> <span class='ocrx_word' id='word_1_47' title='bbox 987 958 1090 1043; x_wconf 77' lang='lat'>(162.)</span> 
     </span>
    </p>
   </div>
   <div class='ocr_carea' id='block_1_3' title="bbox 672 1070 936 1164">
    <p class='ocr_par' dir='ltr' id='par_1_3' title="bbox 672 1070 936 1164">
     <span class='ocr_line' id='line_1_7' title="bbox 672 1070 936 1164; baseline 0 -2"><span class='ocrx_word' id='word_1_48' title='bbox 672 1098 748 1163; x_wconf 72' lang='lat' dir='ltr'>Post</span> <span class='ocrx_word' id='word_1_49' title='bbox 770 1102 831 1163; x_wconf 75' lang='lat' dir='ltr'>aa.</span> <span class='ocrx_word' id='word_1_50' title='bbox 853 1070 936 1164; x_wconf 74' lang='lat' dir='ltr'>aaa</span> 
     </span>
    </p>
   </div>
   <div class='ocr_carea' id='block_1_4' title="bbox 202 1212 1396 1398">
    <p class='ocr_par' dir='ltr' id='par_1_4' title="bbox 202 1212 1396 1398">
     <span class='ocr_line' id='line_1_8' title="bbox 306 1212 1396 1296; baseline -0.002 -18"><span class='ocrx_word' id='word_1_51' title='bbox 306 1215 380 1280; x_wconf 87' lang='grc'><strong>118.</strong></span> <span class='ocrx_word' id='word_1_52' title='bbox 405 1212 973 1296; x_wconf 72' lang='lat' dir='ltr'>DfejuramentobomicidIi¹</span> <span class='ocrx_word' id='word_1_53' title='bbox 998 1212 1202 1296; x_wconf 81' lang='lat' dir='ltr'>Quicumque</span> <span class='ocrx_word' id='word_1_54' title='bbox 1220 1212 1396 1293; x_wconf 90' lang='lat' dir='ltr'>prohomi·</span> 
     </span>
     <span class='ocr_line' id='line_1_9' title="bbox 202 1315 1393 1398; baseline 0.001 -18"><span class='ocrx_word' id='word_1_55' title='bbox 202 1316 288 1382; x_wconf 91' lang='lat' dir='ltr'>cidio</span> <span class='ocrx_word' id='word_1_56' title='bbox 312 1322 490 1383; x_wconf 87' lang='lat' dir='ltr'>accusatus</span> <span class='ocrx_word' id='word_1_57' title='bbox 513 1316 617 1382; x_wconf 86' lang='lat' dir='ltr'>fuerit</span> <span class='ocrx_word' id='word_1_58' title='bbox 640 1337 699 1397; x_wconf 91' lang='lat' dir='ltr'>per</span> <span class='ocrx_word' id='word_1_59' title='bbox 729 1318 911 1398; x_wconf 81' lang='lat' dir='ltr'>simplicem</span> <span class='ocrx_word' id='word_1_60' title='bbox 945 1316 1191 1397; x_wconf 82' lang='lat' dir='ltr'>querimoniam,</span> <span class='ocrx_word' id='word_1_61' title='bbox 1225 1315 1259 1380; x_wconf 91' lang='lat' dir='ltr'>in</span> <span class='ocrx_word' id='word_1_62' title='bbox 1294 1335 1393 1381; x_wconf 88' lang='lat' dir='ltr'>cruce</span> 
     </span>
    </p>
   </div>
   <div class='ocr_carea' id='block_1_5' title="bbox 90 1422 1396 1508">
    <p class='ocr_par' dir='ltr' id='par_1_5' title="bbox 90 1422 1396 1508">
     <span class='ocr_line' id='line_1_10' title="bbox 90 1422 1396 1508; baseline 0 -24"><span class='ocrx_word' id='word_1_63' title='bbox 90 1500 96 1508; x_wconf 16' lang='grc' dir='ltr'>ἱ</span> <span class='ocrx_word' id='word_1_64' title='bbox 201 1438 238 1485; x_wconf 89' lang='lat' dir='ltr'>se</span> <span class='ocrx_word' id='word_1_65' title='bbox 262 1422 350 1486; x_wconf 90' lang='lat' dir='ltr'>solus</span> <span class='ocrx_word' id='word_1_66' title='bbox 375 1422 583 1503; x_wconf 78' lang='lat' dir='ltr'>expurgabit.</span> <span class='ocrx_word' id='word_1_67' title='bbox 607 1422 653 1486; x_wconf 83' lang='lat' dir='ltr'>Et</span> <span class='ocrx_word' id='word_1_68' title='bbox 676 1422 872 1501; x_wconf 78' lang='lat' dir='ltr'>quicumque</span> <span class='ocrx_word' id='word_1_69' title='bbox 895 1422 1016 1487; x_wconf 86' lang='lat' dir='ltr'>civium</span> <span class='ocrx_word' id='word_1_70' title='bbox 1038 1423 1140 1486; x_wconf 89' lang='lat' dir='ltr'>babet</span> <span class='ocrx_word' id='word_1_71' title='bbox 1163 1422 1253 1487; x_wconf 76' lang='lat' dir='ltr'>Intra</span> <span class='ocrx_word' id='word_1_72' title='bbox 1285 1441 1396 1487; x_wconf 82' lang='lat' dir='ltr'>muros</span> 
     </span>
    </p>
   </div>
   <div class='ocr_carea' id='block_1_6' title="bbox 196 1523 1398 2444">
    <p class='ocr_par' dir='ltr' id='par_1_6' title="bbox 196 1523 1398 2444">
     <span class='ocr_line' id='line_1_11' title="bbox 202 1523 1398 1608; baseline 0.001 -20"><span class='ocrx_word' id='word_1_73' title='bbox 202 1523 352 1590; x_wconf 87' lang='lat' dir='ltr'>civitatis</span> <span class='ocrx_word' id='word_1_74' title='bbox 375 1528 416 1590; x_wconf 90' lang='lat' dir='ltr'>de</span> <span class='ocrx_word' id='word_1_75' title='bbox 439 1525 630 1591; x_wconf 88' lang='lat' dir='ltr'>hereditate</span> <span class='ocrx_word' id='word_1_76' title='bbox 654 1528 695 1591; x_wconf 88' lang='lat' dir='ltr'>ad</span> <span class='ocrx_word' id='word_1_77' title='bbox 718 1527 822 1593; x_wconf 86' lang='lat' dir='ltr'>XXX</span> <span class='ocrx_word' id='word_1_78' title='bbox 845 1545 984 1608; x_wconf 80' lang='lat' dir='ltr'>marcae,</span> <span class='ocrx_word' id='word_1_79' title='bbox 1008 1545 1067 1608; x_wconf 88' lang='lat' dir='ltr'>pro</span> <span class='ocrx_word' id='word_1_80' title='bbox 1092 1525 1265 1591; x_wconf 91' lang='lat' dir='ltr'>homicidio</span> <span class='ocrx_word' id='word_1_81' title='bbox 1283 1531 1398 1607; x_wconf 91' lang='lat' dir='ltr'>potest</span> 
     </span>
     <span class='ocr_line' id='line_1_12' title="bbox 201 1628 1397 1712; baseline 0.002 -19"><span class='ocrx_word' id='word_1_82' title='bbox 201 1628 389 1712; x_wconf 87' lang='lat' dir='ltr'>fidejubere.</span> <span class='ocrx_word' id='word_1_83' title='bbox 423 1630 457 1695; x_wconf 88' lang='lat' dir='ltr'>Si</span> <span class='ocrx_word' id='word_1_84' title='bbox 483 1630 556 1709; x_wconf 92' lang='lat' dir='ltr'>quis</span> <span class='ocrx_word' id='word_1_85' title='bbox 582 1650 639 1711; x_wconf 93' lang='lat' dir='ltr'>pro</span> <span class='ocrx_word' id='word_1_86' title='bbox 662 1631 837 1696; x_wconf 87' lang='lat' dir='ltr'>homicidio</span> <span class='ocrx_word' id='word_1_87' title='bbox 861 1632 1035 1696; x_wconf 81' lang='lat' dir='ltr'>incusatus</span> <span class='ocrx_word' id='word_1_88' title='bbox 1066 1630 1177 1711; x_wconf 82' lang='lat' dir='ltr'>fuerit,</span> <span class='ocrx_word' id='word_1_89' title='bbox 1210 1632 1326 1695; x_wconf 87' lang='lat' dir='ltr'>volens</span> <span class='ocrx_word' id='word_1_90' title='bbox 1360 1648 1397 1695; x_wconf 89' lang='lat' dir='ltr'>se</span> 
     </span>
     <span class='ocr_line' id='line_1_13' title="bbox 202 1730 1396 1815; baseline 0.001 -18"><span class='ocrx_word' id='word_1_91' title='bbox 202 1751 399 1815; x_wconf 83' lang='lat' dir='ltr'>expurgare,</span> <span class='ocrx_word' id='word_1_92' title='bbox 426 1734 654 1815; x_wconf 86' lang='lat' dir='ltr'>metseptimus</span> <span class='ocrx_word' id='word_1_93' title='bbox 678 1735 711 1799; x_wconf 91' lang='lat' dir='ltr'>in</span> <span class='ocrx_word' id='word_1_94' title='bbox 735 1754 833 1800; x_wconf 91' lang='lat' dir='ltr'>cruce</span> <span class='ocrx_word' id='word_1_95' title='bbox 866 1753 959 1800; x_wconf 89' lang='lat' dir='ltr'>suam</span> <span class='ocrx_word' id='word_1_96' title='bbox 990 1730 1214 1800; x_wconf 85' lang='lat' dir='ltr'>innocentiam</span> <span class='ocrx_word' id='word_1_97' title='bbox 1248 1752 1396 1815; x_wconf 84' lang='lat' dir='ltr'>compro-</span> 
     </span>
     <span class='ocr_line' id='line_1_14' title="bbox 200 1838 1395 1921; baseline 0 -18"><span class='ocrx_word' id='word_1_98' title='bbox 200 1839 296 1904; x_wconf 89' lang='lat' dir='ltr'>babit</span> <span class='ocrx_word' id='word_1_99' title='bbox 318 1857 390 1903; x_wconf 95' lang='lat' dir='ltr'>cum</span> <span class='ocrx_word' id='word_1_100' title='bbox 416 1838 497 1904; x_wconf 87' lang='lat' dir='ltr'>viris</span> <span class='ocrx_word' id='word_1_101' title='bbox 520 1839 705 1921; x_wconf 71' lang='lat' dir='ltr'>fidedignis</span> <span class='ocrx_word' id='word_1_102' title='bbox 728 1841 897 1905; x_wconf 90' lang='lat' dir='ltr'>tamenin</span> <span class='ocrx_word' id='word_1_103' title='bbox 922 1841 1008 1905; x_wconf 92' lang='lat' dir='ltr'>bunc</span> <span class='ocrx_word' id='word_1_104' title='bbox 1038 1841 1181 1904; x_wconf 93' lang='lat' dir='ltr'>modum:</span> <span class='ocrx_word' id='word_1_105' title='bbox 1207 1843 1395 1903; x_wconf 79' lang='lat' dir='ltr'>Accusatus</span> 
     </span>
     <span class='ocr_line' id='line_1_15' title="bbox 200 1942 1394 2026; baseline -0.001 -18"><span class='ocrx_word' id='word_1_106' title='bbox 200 1942 303 2023; x_wconf 91' lang='lat' dir='ltr'>primo</span> <span class='ocrx_word' id='word_1_107' title='bbox 323 1942 461 2025; x_wconf 86' lang='lat' dir='ltr'>jurabit,</span> <span class='ocrx_word' id='word_1_108' title='bbox 484 1961 519 2007; x_wconf 91' lang='lat' dir='ltr'>se</span> <span class='ocrx_word' id='word_1_109' title='bbox 541 1960 616 2008; x_wconf 88' lang='lat' dir='ltr'>esse</span> <span class='ocrx_word' id='word_1_110' title='bbox 632 1943 852 2020; x_wconf 87' lang='lat' dir='ltr'>innocentem,</span> <span class='ocrx_word' id='word_1_111' title='bbox 869 1943 925 2010; x_wconf 89' lang='lat' dir='ltr'>alii</span> <span class='ocrx_word' id='word_1_112' title='bbox 942 1950 1013 2008; x_wconf 88' lang='lat' dir='ltr'>tres</span> <span class='ocrx_word' id='word_1_113' title='bbox 1025 1944 1197 2026; x_wconf 87' lang='lat' dir='ltr'>jurabunt,</span> <span class='ocrx_word' id='word_1_114' title='bbox 1214 1942 1394 2007; x_wconf 87' lang='lat' dir='ltr'>sevidisse</span> 
     </span>
     <span class='ocr_line' id='line_1_16' title="bbox 200 2047 1392 2129; baseline 0.001 -19"><span class='ocrx_word' id='word_1_115' title='bbox 200 2047 422 2113; x_wconf 85' lang='lat' dir='ltr'>innocentiam</span> <span class='ocrx_word' id='word_1_116' title='bbox 454 2065 556 2129; x_wconf 86' lang='lat' dir='ltr'>suam,</span> <span class='ocrx_word' id='word_1_117' title='bbox 578 2047 686 2113; x_wconf 91' lang='lat' dir='ltr'>ultimi</span> <span class='ocrx_word' id='word_1_118' title='bbox 712 2052 783 2112; x_wconf 83' lang='lat' dir='ltr'>tres</span> <span class='ocrx_word' id='word_1_119' title='bbox 814 2049 982 2129; x_wconf 69' lang='lat' dir='ltr'>jurabunt,</span> <span class='ocrx_word' id='word_1_120' title='bbox 1017 2047 1091 2111; x_wconf 90' lang='lat' dir='ltr'>illos</span> <span class='ocrx_word' id='word_1_121' title='bbox 1126 2051 1268 2125; x_wconf 90' lang='lat' dir='ltr'>quatuor</span> <span class='ocrx_word' id='word_1_122' title='bbox 1298 2048 1392 2129; x_wconf 84' lang='lat' dir='ltr'>juste</span> 
     </span>
     <span class='ocr_line' id='line_1_17' title="bbox 196 2141 1393 2237; baseline 0 -22"><span class='ocrx_word' id='word_1_123' title='bbox 196 2152 338 2233; x_wconf 77' lang='lat' dir='ltr'>Jurasse.</span> <span class='ocrx_word' id='word_1_124' title='bbox 374 2151 534 2217; x_wconf 80' lang='lat' dir='ltr'>Similiter</span> <span class='ocrx_word' id='word_1_125' title='bbox 554 2152 722 2237; x_wconf 79' lang='lat' dir='ltr'>Jurabunt‚</span> <span class='ocrx_word' id='word_1_126' title='bbox 757 2152 811 2231; x_wconf 89' lang='lat' dir='ltr'>qui</span> <span class='ocrx_word' id='word_1_127' title='bbox 848 2151 1054 2217; x_wconf 82' lang='lat' dir='ltr'>defendendo</span> <span class='ocrx_word' id='word_1_128' title='bbox 1090 2150 1191 2216; x_wconf 87' lang='lat' dir='ltr'>vitam</span> <span class='ocrx_word' id='word_1_129' title='bbox 1226 2141 1393 2233; x_wconf 85' lang='lat' dir='ltr'>propriam</span> 
     </span>
     <span class='ocr_line' id='line_1_18' title="bbox 200 2255 1393 2338; baseline 0 -19"><span class='ocrx_word' id='word_1_130' title='bbox 200 2255 342 2335; x_wconf 83' lang='lat' dir='ltr'>aliquem</span> <span class='ocrx_word' id='word_1_131' title='bbox 366 2256 522 2322; x_wconf 89' lang='lat' dir='ltr'>occidunt</span> <span class='ocrx_word' id='word_1_132' title='bbox 546 2264 579 2322; x_wconf 93' lang='lat' dir='ltr'>et</span> <span class='ocrx_word' id='word_1_133' title='bbox 603 2255 632 2320; x_wconf 88' lang='lat' dir='ltr'>si</span> <span class='ocrx_word' id='word_1_134' title='bbox 654 2262 833 2321; x_wconf 87' lang='lat' dir='ltr'>accusatus</span> <span class='ocrx_word' id='word_1_135' title='bbox 856 2256 970 2338; x_wconf 84' lang='lat' dir='ltr'>fugam</span> <span class='ocrx_word' id='word_1_136' title='bbox 993 2255 1132 2336; x_wconf 81' lang='lat' dir='ltr'>dederit,</span> <span class='ocrx_word' id='word_1_137' title='bbox 1160 2256 1275 2321; x_wconf 90' lang='lat' dir='ltr'>nolens</span> <span class='ocrx_word' id='word_1_138' title='bbox 1307 2274 1393 2320; x_wconf 91' lang='lat' dir='ltr'>com·</span> 
     </span>
     <span class='ocr_line' id='line_1_19' title="bbox 199 2359 1396 2444; baseline 0.001 -21"><span class='ocrx_word' id='word_1_139' title='bbox 199 2376 327 2438; x_wconf 89' lang='lat' dir='ltr'>parere.</span> <span class='ocrx_word' id='word_1_140' title='bbox 350 2360 401 2425; x_wconf 91' lang='lat' dir='ltr'>De</span> <span class='ocrx_word' id='word_1_141' title='bbox 427 2360 609 2441; x_wconf 79' lang='lat' dir='ltr'>praedictIs</span> <span class='ocrx_word' id='word_1_142' title='bbox 632 2360 733 2425; x_wconf 88' lang='lat' dir='ltr'>XXX</span> <span class='ocrx_word' id='word_1_143' title='bbox 751 2361 870 2426; x_wconf 89' lang='lat' dir='ltr'>marcis</span> <span class='ocrx_word' id='word_1_144' title='bbox 887 2362 1007 2425; x_wconf 88' lang='lat' dir='ltr'>cedent</span> <span class='ocrx_word' id='word_1_145' title='bbox 1023 2359 1130 2425; x_wconf 89' lang='lat' dir='ltr'>actori</span> <span class='ocrx_word' id='word_1_146' title='bbox 1145 2360 1276 2442; x_wconf 86' lang='lat' dir='ltr'>XXIII,</span> <span class='ocrx_word' id='word_1_147' title='bbox 1290 2360 1396 2444; x_wconf 91' lang='lat' dir='ltr'>judici</span> 
     </span>
    </p>
   </div>
   <div class='ocr_carea' id='block_1_7' title="bbox 200 2463 892 2551">
    <p class='ocr_par' dir='ltr' id='par_1_7' title="bbox 200 2463 892 2551">
     <span class='ocr_line' id='line_1_20' title="bbox 200 2463 892 2551; baseline -0.004 -22"><span class='ocrx_word' id='word_1_148' title='bbox 200 2463 352 2546; x_wconf 87' lang='lat' dir='ltr'>quinque,</span> <span class='ocrx_word' id='word_1_149' title='bbox 372 2464 494 2546; x_wconf 85' lang='lat' dir='ltr'>juratis</span> <span class='ocrx_word' id='word_1_150' title='bbox 518 2483 597 2531; x_wconf 88' lang='lat' dir='ltr'>vero</span> <span class='ocrx_word' id='word_1_151' title='bbox 621 2469 713 2531; x_wconf 87' lang='lat' dir='ltr'>duae.</span> <span class='ocrx_word' id='word_1_152' title='bbox 741 2465 892 2551; x_wconf 82' lang='lat' dir='ltr'>(XLIV.)</span> 
     </span>
    </p>
   </div>
   <div class='ocr_carea' id='block_1_8' title="bbox 118 2594 1395 3725">
    <p class='ocr_par' dir='ltr' id='par_1_8' title="bbox 118 2594 1395 3725">
     <span class='ocr_line' id='line_1_21' title="bbox 304 2594 1393 2677; baseline -0.003 -16"><span class='ocrx_word' id='word_1_153' title='bbox 304 2598 379 2662; x_wconf 79' lang='grc'><strong>1111.</strong></span> <span class='ocrx_word' id='word_1_154' title='bbox 411 2595 469 2659; x_wconf 93' lang='lat' dir='ltr'>De</span> <span class='ocrx_word' id='word_1_155' title='bbox 494 2594 717 2661; x_wconf 90' lang='lat' dir='ltr'>homicidii</span> <span class='ocrx_word' id='word_1_156' title='bbox 753 2595 1093 2677; x_wconf 78' lang='lat' dir='ltr'>proscriptique.</span> <span class='ocrx_word' id='word_1_157' title='bbox 1133 2595 1194 2660; x_wconf 88' lang='lat' dir='ltr'>Pro</span> <span class='ocrx_word' id='word_1_158' title='bbox 1216 2594 1393 2660; x_wconf 87' lang='lat' dir='ltr'>homicidio</span> 
     </span>
     <span class='ocr_line' id='line_1_22' title="bbox 199 2698 1395 2780; baseline -0.001 -16"><span class='ocrx_word' id='word_1_159' title='bbox 199 2699 229 2764; x_wconf 88' lang='lat' dir='ltr'>si</span> <span class='ocrx_word' id='word_1_160' title='bbox 252 2698 325 2778; x_wconf 91' lang='lat' dir='ltr'>quis</span> <span class='ocrx_word' id='word_1_161' title='bbox 349 2699 554 2780; x_wconf 88' lang='lat' dir='ltr'>proscriptus</span> <span class='ocrx_word' id='word_1_162' title='bbox 577 2699 689 2777; x_wconf 79' lang='lat' dir='ltr'>fuerit,</span> <span class='ocrx_word' id='word_1_163' title='bbox 714 2699 783 2765; x_wconf 89' lang='lat' dir='ltr'>sine</span> <span class='ocrx_word' id='word_1_164' title='bbox 807 2701 894 2765; x_wconf 90' lang='lat' dir='ltr'>omni</span> <span class='ocrx_word' id='word_1_165' title='bbox 924 2700 1190 2767; x_wconf 84' lang='lat' dir='ltr'>contradictione</span> <span class='ocrx_word' id='word_1_166' title='bbox 1221 2699 1395 2764; x_wconf 87' lang='lat' dir='ltr'>civitatem</span> 
     </span>
     <span class='ocr_line' id='line_1_23' title="bbox 118 2803 1395 2887; baseline -0.001 -20"><span class='ocrx_word' id='word_1_167' title='bbox 118 2876 120 2882; x_wconf 16' lang='lat' dir='ltr'>y</span> <span class='ocrx_word' id='word_1_168' title='bbox 199 2822 286 2869; x_wconf 85' lang='lat' dir='ltr'>anno</span> <span class='ocrx_word' id='word_1_169' title='bbox 325 2808 359 2869; x_wconf 91' lang='lat' dir='ltr'>et</span> <span class='ocrx_word' id='word_1_170' title='bbox 397 2804 450 2869; x_wconf 90' lang='lat' dir='ltr'>die</span> <span class='ocrx_word' id='word_1_171' title='bbox 488 2804 637 2871; x_wconf 87' lang='lat' dir='ltr'>evitabit.</span> <span class='ocrx_word' id='word_1_172' title='bbox 679 2803 713 2869; x_wconf 92' lang='grc'>81</span> <span class='ocrx_word' id='word_1_173' title='bbox 751 2810 861 2870; x_wconf 87' lang='lat' dir='ltr'>autem</span> <span class='ocrx_word' id='word_1_174' title='bbox 896 2810 1088 2870; x_wconf 86' lang='lat' dir='ltr'>transactae</span> <span class='ocrx_word' id='word_1_175' title='bbox 1127 2822 1212 2869; x_wconf 92' lang='lat' dir='ltr'>anno</span> <span class='ocrx_word' id='word_1_176' title='bbox 1250 2804 1395 2887; x_wconf 82' lang='lat' dir='ltr'>gratiam</span> 
     </span>
     <span class='ocr_line' id='line_1_24' title="bbox 198 2906 1395 2990; baseline -0.002 -19"><span class='ocrx_word' id='word_1_177' title='bbox 198 2908 404 2973; x_wconf 92' lang='lat' dir='ltr'>inimicorum</span> <span class='ocrx_word' id='word_1_178' title='bbox 455 2908 616 2985; x_wconf 85' lang='lat' dir='ltr'>habuerit,</span> <span class='ocrx_word' id='word_1_179' title='bbox 669 2914 846 2988; x_wconf 87' lang='lat' dir='ltr'>antequam</span> <span class='ocrx_word' id='word_1_180' title='bbox 892 2909 1063 2975; x_wconf 78' lang='lat' dir='ltr'>civitatem</span> <span class='ocrx_word' id='word_1_181' title='bbox 1106 2912 1220 2989; x_wconf 87' lang='lat' dir='ltr'>intret,</span> <span class='ocrx_word' id='word_1_182' title='bbox 1270 2906 1395 2990; x_wconf 90' lang='lat' dir='ltr'>juratis</span> 
     </span>
     <span class='ocr_line' id='line_1_25' title="bbox 200 3012 1395 3098; baseline -0.001 -21"><span class='ocrx_word' id='word_1_183' title='bbox 200 3032 341 3078; x_wconf 88' lang='lat' dir='ltr'>marcam</span> <span class='ocrx_word' id='word_1_184' title='bbox 376 3014 479 3090; x_wconf 85' lang='lat' dir='ltr'>dabit,</span> <span class='ocrx_word' id='word_1_185' title='bbox 509 3012 614 3094; x_wconf 90' lang='lat' dir='ltr'>judici</span> <span class='ocrx_word' id='word_1_186' title='bbox 648 3014 788 3079; x_wconf 87' lang='lat' dir='ltr'>mediam</span> <span class='ocrx_word' id='word_1_187' title='bbox 827 3033 979 3079; x_wconf 86' lang='lat' dir='ltr'>marcam.</span> <span class='ocrx_word' id='word_1_188' title='bbox 1019 3014 1222 3098; x_wconf 76' lang='lat' dir='ltr'>Quicumque</span> <span class='ocrx_word' id='word_1_189' title='bbox 1257 3012 1291 3076; x_wconf 93' lang='lat' dir='ltr'>in</span> <span class='ocrx_word' id='word_1_190' title='bbox 1329 3030 1395 3077; x_wconf 84' lang='lat' dir='ltr'>una</span> 
     </span>
     <span class='ocr_line' id='line_1_26' title="bbox 200 3114 1394 3201; baseline -0.004 -18"><span class='ocrx_word' id='word_1_191' title='bbox 200 3117 339 3183; x_wconf 87' lang='lat' dir='ltr'>civitate</span> <span class='ocrx_word' id='word_1_192' title='bbox 376 3118 499 3182; x_wconf 87' lang='lat' dir='ltr'>domini</span> <span class='ocrx_word' id='word_1_193' title='bbox 532 3117 622 3201; x_wconf 83' lang='lat' dir='ltr'>regis</span> <span class='ocrx_word' id='word_1_194' title='bbox 658 3119 865 3199; x_wconf 85' lang='lat' dir='ltr'>proscriptus</span> <span class='ocrx_word' id='word_1_195' title='bbox 898 3118 1000 3183; x_wconf 81' lang='lat' dir='ltr'>fuerit</span> <span class='ocrx_word' id='word_1_196' title='bbox 1034 3118 1088 3183; x_wconf 90' lang='lat' dir='ltr'>vel</span> <span class='ocrx_word' id='word_1_197' title='bbox 1122 3118 1156 3182; x_wconf 95' lang='lat' dir='ltr'>in</span> <span class='ocrx_word' id='word_1_198' title='bbox 1190 3114 1255 3182; x_wconf 89' lang='lat' dir='ltr'>alio</span> <span class='ocrx_word' id='word_1_199' title='bbox 1283 3116 1394 3194; x_wconf 90' lang='lat' dir='ltr'>aliquo</span> 
     </span>
     <span class='ocr_line' id='line_1_27' title="bbox 198 3220 1394 3304; baseline -0.001 -20"><span class='ocrx_word' id='word_1_200' title='bbox 198 3222 280 3303; x_wconf 87' lang='lat' dir='ltr'>loco,</span> <span class='ocrx_word' id='word_1_201' title='bbox 314 3222 347 3285; x_wconf 92' lang='lat' dir='ltr'>in</span> <span class='ocrx_word' id='word_1_202' title='bbox 381 3222 531 3287; x_wconf 88' lang='lat' dir='ltr'>omnibus</span> <span class='ocrx_word' id='word_1_203' title='bbox 566 3223 761 3288; x_wconf 85' lang='lat' dir='ltr'>civitatibus</span> <span class='ocrx_word' id='word_1_204' title='bbox 797 3229 833 3288; x_wconf 94' lang='grc'>01</span> <span class='ocrx_word' id='word_1_205' title='bbox 865 3223 900 3288; x_wconf 90' lang='lat' dir='ltr'>in</span> <span class='ocrx_word' id='word_1_206' title='bbox 933 3223 1014 3288; x_wconf 91' lang='lat' dir='ltr'>locis</span> <span class='ocrx_word' id='word_1_207' title='bbox 1050 3222 1146 3304; x_wconf 85' lang='lat' dir='ltr'>regni</span> <span class='ocrx_word' id='word_1_208' title='bbox 1177 3228 1212 3285; x_wconf 86' lang='lat' dir='ltr'>et</span> <span class='ocrx_word' id='word_1_209' title='bbox 1242 3220 1394 3286; x_wconf 87' lang='lat' dir='ltr'>terminis</span> 
     </span>
     <span class='ocr_line' id='line_1_28' title="bbox 199 3324 1392 3407; baseline -0.001 -18"><span class='ocrx_word' id='word_1_210' title='bbox 199 3325 405 3407; x_wconf 87' lang='lat' dir='ltr'>proscriptus</span> <span class='ocrx_word' id='word_1_211' title='bbox 439 3326 604 3391; x_wconf 85' lang='lat' dir='ltr'>habeatur</span> <span class='ocrx_word' id='word_1_212' title='bbox 638 3333 673 3391; x_wconf 92' lang='grc'>01</span> <span class='ocrx_word' id='word_1_213' title='bbox 706 3326 817 3391; x_wconf 87' lang='lat' dir='ltr'>nullus</span> <span class='ocrx_word' id='word_1_214' title='bbox 852 3328 931 3392; x_wconf 89' lang='lat' dir='ltr'>baro</span> <span class='ocrx_word' id='word_1_215' title='bbox 966 3328 1019 3391; x_wconf 88' lang='lat' dir='ltr'>vel</span> <span class='ocrx_word' id='word_1_216' title='bbox 1054 3324 1174 3391; x_wconf 84' lang='lat' dir='ltr'>nobilIs</span> <span class='ocrx_word' id='word_1_217' title='bbox 1209 3326 1264 3390; x_wconf 86' lang='lat' dir='ltr'>vel</span> <span class='ocrx_word' id='word_1_218' title='bbox 1297 3325 1392 3388; x_wconf 87' lang='lat' dir='ltr'>miles</span> 
     </span>
     <span class='ocr_line' id='line_1_29' title="bbox 198 3429 1392 3513; baseline -0.003 -19"><span class='ocrx_word' id='word_1_219' title='bbox 198 3432 254 3496; x_wconf 89' lang='lat' dir='ltr'>vel</span> <span class='ocrx_word' id='word_1_220' title='bbox 277 3430 489 3511; x_wconf 89' lang='lat' dir='ltr'>provincialis</span> <span class='ocrx_word' id='word_1_221' title='bbox 513 3431 608 3513; x_wconf 83' lang='lat' dir='ltr'>regni</span> <span class='ocrx_word' id='word_1_222' title='bbox 638 3431 745 3511; x_wconf 88' lang='lat' dir='ltr'>ipsum</span> <span class='ocrx_word' id='word_1_223' title='bbox 777 3431 864 3495; x_wconf 89' lang='lat' dir='ltr'>tueri</span> <span class='ocrx_word' id='word_1_224' title='bbox 895 3430 949 3496; x_wconf 89' lang='lat' dir='ltr'>vel</span> <span class='ocrx_word' id='word_1_225' title='bbox 982 3429 1159 3495; x_wconf 85' lang='lat' dir='ltr'>defendere</span> <span class='ocrx_word' id='word_1_226' title='bbox 1192 3434 1392 3509; x_wconf 86' lang='lat' dir='ltr'>praesumat.</span> 
     </span>
     <span class='ocr_line' id='line_1_30' title="bbox 198 3522 1390 3615; baseline -0.003 -16"><span class='ocrx_word' id='word_1_227' title='bbox 198 3534 245 3599; x_wconf 84' lang='lat' dir='ltr'>Et</span> <span class='ocrx_word' id='word_1_228' title='bbox 283 3535 312 3599; x_wconf 89' lang='lat' dir='ltr'>si</span> <span class='ocrx_word' id='word_1_229' title='bbox 349 3535 421 3614; x_wconf 76' lang='lat' dir='ltr'>quis</span> <span class='ocrx_word' id='word_1_230' title='bbox 460 3535 666 3615; x_wconf 85' lang='lat' dir='ltr'>proscriptus</span> <span class='ocrx_word' id='word_1_231' title='bbox 703 3533 805 3599; x_wconf 85' lang='lat' dir='ltr'>fuerit</span> <span class='ocrx_word' id='word_1_232' title='bbox 839 3522 1026 3613; x_wconf 80' lang='lat' dir='ltr'>et&#39;postea</span> <span class='ocrx_word' id='word_1_233' title='bbox 1067 3536 1234 3614; x_wconf 82' lang='lat' dir='ltr'>detentus,</span> <span class='ocrx_word' id='word_1_234' title='bbox 1264 3532 1390 3615; x_wconf 89' lang='lat' dir='ltr'>judicio</span> 
     </span>
     <span class='ocr_line' id='line_1_31' title="bbox 200 3637 665 3725; baseline 0.002 -22"><span class='ocrx_word' id='word_1_235' title='bbox 200 3638 504 3719; x_wconf 85' lang='lat' dir='ltr'>condempnabitur.</span> <span class='ocrx_word' id='word_1_236' title='bbox 533 3637 665 3725; x_wconf 80' lang='lat' dir='ltr'>(XLV.)</span> 
     </span>
    </p>
   </div>
   <div class='ocr_carea' id='block_1_9' title="bbox 198 3766 1396 4374">
    <p class='ocr_par' dir='ltr' id='par_1_9' title="bbox 198 3766 1396 4374">
     <span class='ocr_line' id='line_1_32' title="bbox 303 3766 1387 3836; baseline -0.004 -1"><span class='ocrx_word' id='word_1_237' title='bbox 303 3770 378 3836; x_wconf 86' lang='lat'><strong>120.</strong></span> <span class='ocrx_word' id='word_1_238' title='bbox 402 3769 461 3834; x_wconf 90' lang='lat' dir='ltr'>De</span> <span class='ocrx_word' id='word_1_239' title='bbox 485 3770 716 3835; x_wconf 89' lang='lat' dir='ltr'>homicidio</span> <span class='ocrx_word' id='word_1_240' title='bbox 741 3769 884 3834; x_wconf 90' lang='lat' dir='ltr'>duelli.</span> <span class='ocrx_word' id='word_1_241' title='bbox 903 3770 968 3833; x_wconf 90' lang='lat' dir='ltr'>Pro</span> <span class='ocrx_word' id='word_1_242' title='bbox 986 3766 1161 3832; x_wconf 87' lang='lat' dir='ltr'>homicidio</span> <span class='ocrx_word' id='word_1_243' title='bbox 1178 3766 1280 3831; x_wconf 90' lang='lat' dir='ltr'>duelli</span> <span class='ocrx_word' id='word_1_244' title='bbox 1295 3772 1387 3831; x_wconf 89' lang='lat' dir='ltr'>ante·</span> 
     </span>
     <span class='ocr_line' id='line_1_33' title="bbox 200 3870 1391 3954; baseline -0.002 -17"><span class='ocrx_word' id='word_1_245' title='bbox 200 3892 297 3953; x_wconf 89' lang='lat' dir='ltr'>quam</span> <span class='ocrx_word' id='word_1_246' title='bbox 321 3875 464 3939; x_wconf 89' lang='lat' dir='ltr'>duellum</span> <span class='ocrx_word' id='word_1_247' title='bbox 486 3875 645 3940; x_wconf 89' lang='lat' dir='ltr'>indictum</span> <span class='ocrx_word' id='word_1_248' title='bbox 669 3875 779 3954; x_wconf 85' lang='lat' dir='ltr'>suerit,</span> <span class='ocrx_word' id='word_1_249' title='bbox 807 3873 910 3954; x_wconf 90' lang='lat' dir='ltr'>judici</span> <span class='ocrx_word' id='word_1_250' title='bbox 935 3875 1032 3938; x_wconf 92' lang='lat' dir='ltr'>cedet</span> <span class='ocrx_word' id='word_1_251' title='bbox 1057 3890 1183 3952; x_wconf 82' lang='lat' dir='ltr'>marca3</span> <span class='ocrx_word' id='word_1_252' title='bbox 1218 3870 1246 3936; x_wconf 91' lang='lat' dir='ltr'>si</span> <span class='ocrx_word' id='word_1_253' title='bbox 1280 3879 1391 3937; x_wconf 89' lang='lat' dir='ltr'>autem</span> 
     </span>
     <span class='ocr_line' id='line_1_34' title="bbox 198 3975 1393 4061; baseline -0.002 -20"><span class='ocrx_word' id='word_1_254' title='bbox 198 3978 358 4043; x_wconf 91' lang='lat' dir='ltr'>indictum</span> <span class='ocrx_word' id='word_1_255' title='bbox 371 3977 482 4061; x_wconf 79' lang='lat' dir='ltr'>fuerit,</span> <span class='ocrx_word' id='word_1_256' title='bbox 504 3979 606 4060; x_wconf 82' lang='lat' dir='ltr'>judex</span> <span class='ocrx_word' id='word_1_257' title='bbox 628 3979 663 4044; x_wconf 90' lang='lat' dir='ltr'>Il</span> <span class='ocrx_word' id='word_1_258' title='bbox 687 3996 815 4043; x_wconf 86' lang='lat' dir='ltr'>marcas</span> <span class='ocrx_word' id='word_1_259' title='bbox 839 3978 993 4057; x_wconf 78' lang='lat' dir='ltr'>habebit3</span> <span class='ocrx_word' id='word_1_260' title='bbox 1018 3976 1047 4040; x_wconf 91' lang='lat' dir='ltr'>si</span> <span class='ocrx_word' id='word_1_261' title='bbox 1068 3975 1227 4040; x_wconf 89' lang='lat' dir='ltr'>circulum</span> <span class='ocrx_word' id='word_1_262' title='bbox 1248 3976 1393 4058; x_wconf 83' lang='lat' dir='ltr'>ingressi</span> 
     </span>
     <span class='ocr_line' id='line_1_35' title="bbox 199 4081 1394 4164; baseline -0.001 -18"><span class='ocrx_word' id='word_1_263' title='bbox 199 4084 242 4147; x_wconf 91' lang='lat' dir='ltr'>ad</span> <span class='ocrx_word' id='word_1_264' title='bbox 255 4083 352 4148; x_wconf 84' lang='lat' dir='ltr'>sedes</span> <span class='ocrx_word' id='word_1_265' title='bbox 366 4085 519 4149; x_wconf 87' lang='lat' dir='ltr'>venerint</span> <span class='ocrx_word' id='word_1_266' title='bbox 531 4087 764 4164; x_wconf 90' lang='lat' dir='ltr'>componentes</span> <span class='ocrx_word' id='word_1_267' title='bbox 782 4083 900 4163; x_wconf 88' lang='lat' dir='ltr'>adbuc,</span> <span class='ocrx_word' id='word_1_268' title='bbox 910 4081 1013 4162; x_wconf 89' lang='lat' dir='ltr'>judici</span> <span class='ocrx_word' id='word_1_269' title='bbox 1030 4082 1152 4146; x_wconf 91' lang='lat' dir='ltr'>cedent</span> <span class='ocrx_word' id='word_1_270' title='bbox 1169 4088 1240 4143; x_wconf 75' lang='lat' dir='ltr'>tres</span> <span class='ocrx_word' id='word_1_271' title='bbox 1253 4097 1394 4161; x_wconf 85' lang='lat' dir='ltr'>marone,</span> 
     </span>
     <span class='ocr_line' id='line_1_36' title="bbox 200 4183 1396 4268; baseline -0.003 -17"><span class='ocrx_word' id='word_1_272' title='bbox 200 4185 235 4251; x_wconf 82' lang='lat' dir='ltr'>Si</span> <span class='ocrx_word' id='word_1_273' title='bbox 255 4188 296 4251; x_wconf 92' lang='lat' dir='ltr'>ad</span> <span class='ocrx_word' id='word_1_274' title='bbox 321 4186 471 4268; x_wconf 78' lang='lat' dir='ltr'>falanges</span> <span class='ocrx_word' id='word_1_275' title='bbox 498 4189 650 4255; x_wconf 88' lang='lat' dir='ltr'>venerint</span> <span class='ocrx_word' id='word_1_276' title='bbox 674 4194 708 4253; x_wconf 89' lang='lat' dir='ltr'>et</span> <span class='ocrx_word' id='word_1_277' title='bbox 732 4188 840 4251; x_wconf 89' lang='lat' dir='ltr'>adbuc</span> <span class='ocrx_word' id='word_1_278' title='bbox 864 4191 1107 4267; x_wconf 88' lang='lat' dir='ltr'>componentes,</span> <span class='ocrx_word' id='word_1_279' title='bbox 1127 4183 1231 4265; x_wconf 84' lang='lat' dir='ltr'>judex</span> <span class='ocrx_word' id='word_1_280' title='bbox 1254 4193 1396 4263; x_wconf 86' lang='lat' dir='ltr'>quatuor</span> 
     </span>
     <span class='ocr_line' id='line_1_37' title="bbox 200 4286 1395 4374; baseline -0.004 -17"><span class='ocrx_word' id='word_1_281' title='bbox 200 4310 331 4357; x_wconf 83' lang='lat' dir='ltr'>marcas</span> <span class='ocrx_word' id='word_1_282' title='bbox 369 4293 513 4357; x_wconf 85' lang='lat' dir='ltr'>habebit.</span> <span class='ocrx_word' id='word_1_283' title='bbox 553 4293 588 4357; x_wconf 84' lang='lat' dir='ltr'>Si</span> <span class='ocrx_word' id='word_1_284' title='bbox 622 4292 766 4374; x_wconf 82' lang='lat' dir='ltr'>falangis</span> <span class='ocrx_word' id='word_1_285' title='bbox 808 4292 970 4357; x_wconf 87' lang='lat' dir='ltr'>extractis</span> <span class='ocrx_word' id='word_1_286' title='bbox 1010 4291 1188 4374; x_wconf 82' lang='lat' dir='ltr'>pugnando</span> <span class='ocrx_word' id='word_1_287' title='bbox 1222 4286 1395 4372; x_wconf 84' lang='lat' dir='ltr'>congressi</span> 
     </span>
    </p>
   </div>
   <div class='ocr_carea' id='block_1_10' title="bbox 0 0 1642 5009">
    <p class='ocr_par' dir='ltr' id='par_1_10' title="bbox 0 0 1642 5009">
     <span class='ocr_line' id='line_1_38' title="bbox 0 0 1642 5009; baseline 0 1"><span class='ocrx_word' id='word_1_288' title='bbox 0 0 1642 5009; x_wconf 95' lang='lat' dir='ltr'> </span> 
     </span>
    </p>
   </div>
  </div>
 </body>
</html>
