3275 5009
253 355 288 407 58
770 351 937 405 Sententiae

253 560 344 629 sicut
366 557 506 627 arbitris
538 558 698 626 exhiberi.
728 557 769 623 In
799 574 938 639 quorum
969 556 1163 640 praesentia
1193 558 1297 639 primo
1329 555 1449 623 arbitri

253 668 418 747 quaerant
441 682 462 729 a
486 664 647 748 partibus
670 666 781 730 utrum
797 665 1041 746 recognoscant
1056 672 1093 729 et
1108 662 1340 742 confiteantur,
1362 662 1451 741 quod

253 771 294 834 de
325 768 476 835 omnibus
508 767 619 834 causis
650 774 685 834 et
716 765 970 849 quaestionibus
999 766 1091 833 inter
1120 783 1177 833 eos
1207 764 1384 834 ventilatis
1415 764 1449 829 in

252 872 398 939 arbitros
428 870 661 939 consenserint
683 875 720 937 et
742 868 982 952 promiserint?
1007 869 1135 954 Quibus
1157 867 1453 952 respondentibus,

252 978 339 1057 quod
374 974 433 1057 sic,
466 974 587 1042 arbitri
625 992 727 1057 super
760 991 800 1041 eo
834 973 926 1041 facta
964 973 1210 1057 protestatione
1244 975 1450 1041 concordent

251 1087 368 1162 partes
389 1080 433 1144 ad
456 1078 599 1164 invicem
623 1079 722 1144 etiam
748 1081 844 1144 tactu
871 1095 1035 1163 manuum,
1066 1078 1095 1145 si
1125 1096 1228 1145 causa
1258 1078 1304 1144 sit
1334 1078 1452 1160 ardua,

252 1185 466 1268 injungentes
490 1183 624 1264 eisdem,
648 1184 735 1263 quod
758 1183 836 1249 boni
859 1182 957 1249 amici
984 1182 1062 1267 siut,
1084 1187 1196 1249 mutuo
1225 1181 1353 1265 favore,
1375 1181 1450 1247 dili·

253 1288 367 1373 gentia
405 1292 441 1354 et
475 1286 682 1369 promotione
720 1287 928 1367 quibuslibet
961 1306 999 1354 se
1033 1306 1165 1370 semper
1198 1289 1451 1369 prosequentes

253 1395 407 1474 quodque
429 1409 543 1458 omnes
572 1398 608 1457 et
637 1392 797 1476 singulos,
828 1393 885 1473 qni
914 1410 1027 1459 amore
1059 1391 1203 1474 ipsorum
1234 1390 1365 1457 faciunt
1394 1389 1448 1457 vel

252 1497 434 1573 dimittunt,
457 1497 501 1562 ad
524 1498 663 1561 eandem
684 1497 886 1564 servandam
901 1496 1084 1563 amicitiem
1101 1495 1260 1562 inducant
1276 1494 1349 1561 sine
1365 1494 1450 1560 dolo.

251 1604 377 1674 Postea
400 1618 480 1666 vero
503 1600 667 1681 promissa
690 1618 796 1682 poena
827 1601 1020 1679 vallationis
1053 1601 1185 1668 arbitrii
1212 1600 1328 1684 ipsum,
1360 1599 1448 1665 siout

252 1710 454 1787 statuerunt,
478 1703 709 1786 pronuncient.
740 1705 846 1789 Quam
870 1706 1180 1789 promulgationem,
1210 1704 1238 1769 si
1268 1707 1451 1770 causaest

251 1808 454 1892 temporalis,
479 1808 533 1875 vel
555 1826 734 1875 memoriae
757 1809 896 1875 testium
911 1811 1151 1892 commendent,
1167 1810 1221 1876 vel
1237 1810 1324 1889 quod
1341 1806 1450 1875 tutius

251 1920 313 1998 est,
335 1914 503 1993 scribant;
526 1912 556 1978 si
578 1918 690 1980 autem
715 1919 769 1979 est
785 1918 958 1996 perpetua,
974 1913 1078 1995 ipsam
1096 1914 1253 1998 redigant
1268 1913 1304 1979 in
1319 1912 1448 1995 scripto

252 2019 372 2104 sigillis
395 2017 601 2085 authenticis
624 2020 791 2085 roborata

355 2175 440 2258 aaa)
450 2172 533 2259 (Pr.)
541 2173 580 2235 [a
592 2195 672 2256 quaa
681 2182 796 2257 partes
808 2174 1021 2257 conpromitti
1027 2175 1144 2259 possit.
1157 2174 1226 2241 Neo
1238 2173 1274 2240 in
1285 2173 1449 2257 pupillum

251 2298 314 2346 nec
337 2279 370 2345 in
389 2279 549 2345 minorem
563 2276 663 2343 XXV
678 2296 849 2361 annorum,
864 2297 973 2360 neque
988 2278 1023 2345 in
1039 2277 1207 2363 furiosum,
1226 2292 1286 2345 aut
1302 2280 1448 2358 surdum,

250 2388 312 2451 aut
327 2389 453 2449 mutum
469 2383 693 2463 compromitti
708 2384 818 2451 debet.
834 2382 869 2450 Si
886 2384 961 2464 quis
973 2384 1078 2450 ¹etiam
1095 2386 1195 2468 judex
1210 2382 1257 2466 fit,
1273 2382 1449 2449 arbitrium

252 2488 403 2570 recipere
426 2487 575 2553 eiusdem
598 2486 657 2569 rei,
681 2488 721 2553 de
746 2506 811 2567 qua
828 2487 932 2569 judex
949 2487 1113 2572 estimas
1130 2486 1283 2555 sivealio
1301 2505 1448 2569 compro·

250 2590 339 2658 mitti
351 2590 471 2672 jubere
489 2589 700 2672 prohibetur,
719 2595 755 2657 et
771 2591 800 2657 si
816 2592 1018 2658 sententiam
1035 2590 1168 2674 dixerit,
1185 2610 1249 2657 non
1266 2596 1319 2656 est
1336 2592 1447 2658 danda

187 2701 189 2704 ’
251 2714 377 2777 poenae
402 2694 600 2777 persecutio.
624 2694 711 2760 Sunt
734 2700 769 2760 et
793 2694 860 2777 alii,
884 2695 1027 2776 quinon
1051 2708 1216 2780 coguntur
1244 2695 1447 2762 sententiam

252 2800 374 2883 dicere,
391 2804 508 2882 utpote
524 2798 553 2865 si
570 2800 685 2865 sordes
702 2803 760 2864 aut
780 2799 953 2881 turpitudo
976 2800 1098 2866 arbitri
1119 2798 1298 2866 manifesta
1321 2800 1374 2865 sit.
1401 2798 1449 2863 Et

251 2909 340 2982 nota,
364 2904 391 2970 si
414 2903 544 2969 arbiter
570 2902 759 2983 quicunque
790 2903 918 2969 electus
941 2901 1045 2969 fuerit
1067 2910 1103 2969 et
1126 2910 1245 2985 postea
1269 2922 1308 2969 eo
1332 2908 1449 2987 spreto

251 3014 365 3090 partes
389 3010 432 3074 ad
455 3008 539 3075 alios
562 3007 709 3073 arbitros
731 2988 865 3086 iverint,
889 3008 1015 3089 primus
1040 3026 1093 3074 esc
1116 3009 1299 3076 absolutus.

355 3171 443 3249 aab)
474 3170 558 3258 (Pr.)
594 3172 644 3234 De
673 3170 811 3235 cautelis
845 3173 890 3236 ud
922 3171 1144 3258 repellendum
1177 3172 1354 3238 arbitrium
1379 3177 1446 3258 jam

252 3286 421 3361 receptam.
441 3276 561 3353 Primo,
586 3275 614 3341 si
630 3274 733 3343 fuerit
748 3274 882 3344 infamis
899 3295 958 3343 sen
974 3278 1154 3345 infamatus
1171 3296 1192 3344 a
1208 3277 1450 3361 litigatoribus,

252 3385 311 3449 aut
326 3380 522 3447 inimicitiae
537 3380 701 3461 capitales
717 3380 808 3447 inter
824 3399 897 3447 eum
915 3389 950 3448 et
965 3382 1156 3467 litigatores
1173 3388 1231 3449 aut
1248 3384 1392 3450 alterum
1405 3401 1448 3449 ex

250 3484 478 3569 litigatoribus
502 3485 767 3563 intercesserint,
800 3486 876 3553 sive
899 3485 976 3567 quia
1007 3491 1146 3554 mortem
1176 3487 1240 3553 sibi
1268 3486 1449 3570 minantur,

252 3591 324 3658 sive
347 3591 389 3655 de
412 3588 549 3656 crimine
572 3589 711 3671 capitali
734 3607 772 3655 se
794 3596 965 3673 accusant,
989 3590 1062 3659 sive
1085 3610 1159 3657 cum
1181 3609 1247 3656 uno
1271 3609 1313 3658 ex
1336 3592 1445 3675 litiga·

251 3694 382 3760 toribus
405 3694 468 3759 hoc
490 3694 559 3770 fiat,
582 3693 654 3764 sive
678 3712 750 3759 eum
775 3698 926 3775 utroque.

356 3797 442 3864 Item
465 3797 495 3862 si
518 3803 614 3863 aetas
637 3801 698 3863 aut
719 3798 897 3880 aegritudo
922 3798 957 3866 in
974 3800 1136 3866 arbitrum
1155 3801 1263 3883 cadat,
1279 3818 1366 3882 quae
1382 3818 1447 3868 non

253 3902 320 3968 cito
349 3901 503 3981 finiatur;
538 3901 567 3967 si
600 3908 713 3965 autem
747 3901 814 3968 cito
847 3902 971 3981 finitur,
1008 3908 1089 3970 tuno
1126 3904 1342 3988 prolongetur
1377 3907 1449 3972 dies

251 4004 543 4087 pronuntiationis.
581 4004 652 4070 Aut
689 4006 863 4088 occupatio
898 4008 1106 4091 negotiorum
1142 4008 1361 4094 propriorum,
1394 4009 1448 4079 vel

252 4107 415 4191 profectio
439 4126 574 4192 urgens,
597 4113 657 4173 aut
680 4108 851 4175 imminens
876 4109 1002 4191 aliquid
1025 4112 1074 4178 rei
1099 4112 1252 4195 publicae
1284 4131 1386 4182 causa
1414 4119 1448 4181 et

252 4214 281 4281 si
304 4229 370 4294 que
393 4212 461 4279 alia
483 4210 736 4278 incommoditas
767 4212 798 4278 ei
822 4220 913 4295 post-
930 4214 1106 4282 arbitrium
1136 4215 1281 4298 incidat;
1312 4224 1450 4301 propter

250 4317 337 4384 istas
371 4315 458 4382 enim
489 4332 610 4381 causas
640 4316 769 4383 arbiter
798 4318 899 4385 etiam
931 4336 967 4384 se
998 4319 1104 4400 ipsum
1143 4338 1304 4388 excusare
1335 4328 1449 4405 potest
