3275 5009
284 367 337 418 240
801 363 966 417 Sententiae

284 591 345 639 seu
368 572 580 640 detestabilis
602 578 743 655 possunt
765 574 801 641 in
824 590 995 639 numerum
1011 572 1148 639 testium
1164 571 1325 639 adhiberi.
1349 570 1411 659 (Et
1427 575 1484 637 est

282 676 537 761 intelligendum
561 679 716 745 demuto
743 683 778 744 et
811 680 922 761 surdo,
953 680 1008 758 qui
1039 676 1122 742 nihil
1155 676 1243 756 loqui
1276 675 1330 743 vel
1361 673 1481 741 audine

280 788 430 863 possunt.
452 782 518 848 Est
541 783 642 849 etiam
671 782 926 867 intelligendum
960 784 1001 848 de
1035 780 1169 863 furioso,
1199 780 1255 861 qni
1285 781 1477 847 nonhabet

283 884 429 953 dilucida
451 886 657 972 intervalla.)
680 887 732 969 Ιῖ.,
755 888 818 953 duo
842 886 975 964 iratres,
999 885 1112 967 quiin
1135 889 1304 967 potestate
1327 885 1474 969 ejusdem

281 992 389 1071 patris
411 998 500 1074 sunt,
522 991 657 1073 utrique
685 996 793 1059 testes
824 991 858 1056 in
889 1010 954 1058 nno
986 995 1189 1057 testamento
1222 989 1295 1057 fieri
1325 994 1482 1071 possunt.

280 1095 358 1177 quia
381 1095 465 1161 nihil
487 1100 587 1161 notet
618 1114 660 1161 ex
683 1114 749 1161 una
779 1096 874 1162 domo
905 1096 1018 1177 plnres
1053 1098 1159 1161 testes
1195 1094 1304 1161 alieno
1338 1091 1475 1177 negotio

279 1200 441 1267 adhiberi.

383 1304 423 1371 In
457 1303 602 1371 testibus
638 1309 749 1371 autem
787 1323 852 1371 non
890 1306 991 1371 dehet
1029 1322 1113 1387 esse,
1146 1303 1202 1384 qui
1237 1300 1272 1367 in
1305 1304 1482 1382 potestate

279 1409 456 1475 testatoris
490 1413 552 1474 θεῖ.
587 1408 653 1475 Sed
688 1410 753 1475 etsi
788 1408 877 1475 filius
908 1407 1052 1475 familias
1084 1410 1125 1473 de
1156 1405 1323 1472 castrensi
1344 1403 1480 1486 peculio

278 1518 356 1595 post
389 1512 618 1579 remissionem
650 1512 756 1578 iaciat
785 1517 1031 1595 testamentum,
1062 1530 1123 1577 nee
1154 1514 1252 1593 pater
1281 1510 1353 1595 ejus
1376 1508 1482 1575 testis

277 1616 466 1697 adhibetur,
495 1634 557 1682 nee
587 1615 626 1698 is,
656 1616 713 1695 qui
735 1617 770 1682 in
794 1620 965 1697 potestate
982 1617 1131 1701 ejusdem
1146 1614 1253 1695 patris
1271 1618 1331 1679 est.
1347 1612 1473 1695 Repro-

276 1725 421 1789 handnm
444 1721 531 1789 enim
555 1721 664 1788 estin
688 1740 729 1788 ea
751 1740 788 1787 re
813 1722 1027 1788 domesticum
1051 1720 1288 1787 testimonium.

379 1833 573 1916 legatariis
595 1838 707 1900 autem
742 1839 777 1900 et
810 1832 889 1905 fidei
921 1832 1165 1916 commissoriis
1198 1832 1256 1913 qui
1289 1849 1355 1898 non
1384 1830 1471 1915 juris

276 1957 488 2005 successores
512 1943 601 2020 sunt,
625 1942 659 2003 et
682 1936 757 2004 aliis
782 1936 934 2019 personis
958 1937 1007 2004 eis
1031 1935 1218 2021 conjunctis
1246 1934 1475 2003 testimonium

275 2061 340 2110 non
364 2045 584 2126 denegamus3
607 2046 642 2107 et
664 2043 766 2108 multo
790 2042 897 2126 magis
920 2041 981 2125 hie,
1005 2040 1061 2123 qui
1089 2041 1124 2108 in
1155 2059 1268 2106 eorum
1301 2046 1478 2121 potestate

275 2152 363 2230 sunt,
386 2146 573 2231 hujusmodi
596 2145 766 2212 licentiam
790 2147 915 2213 damus.

376 2268 469 2334 Nihil
491 2274 603 2334 autem
625 2267 779 2344 interest²
802 2273 912 2334 utrum
936 2272 1176 2335 testamentum
1205 2266 1240 2332 in
1271 2267 1404 2348 tabulis
1426 2284 1471 2333 an

273 2371 308 2437 in
331 2373 434 2438 nantis
458 2372 513 2439 vel
537 2371 571 2437 in
594 2371 662 2437 alia
683 2370 827 2437 materia
848 2371 916 2438 fiat.
940 2371 980 2439 It.
1007 2370 1043 2438 Si
1065 2375 1212 2439 testator
1235 2370 1363 2453 peritus
1380 2370 1476 2436 litte·-

273 2493 385 2541 rarum
396 2480 635 2542 testamentum
647 2494 745 2541 manu
758 2494 818 2542 sua
830 2475 966 2558 propria
982 2478 1110 2543 scribat
1126 2483 1161 2543 et
1176 2476 1285 2559 ipsum
1301 2476 1468 2559 signatum

272 2579 327 2646 vel
356 2578 497 2662 ligatum
532 2578 653 2646 offerat
679 2579 833 2662 testibus,
866 2584 922 2661 qui
951 2581 1057 2663 ipsum
1088 2579 1255 2665 sigillent:
1285 2589 1366 2646 tuno
1397 2580 1475 2645 sive·

195 2753 196 2756 ,
271 2689 378 2750 testes
395 2682 487 2766 fiant,
509 2681 582 2749 sive
605 2702 679 2777 non,
702 2685 744 2749 <ie
767 2682 831 2766 hie,
853 2702 939 2765 quae
963 2684 1180 2751 eontinentur
1202 2684 1237 2749 in
1255 2689 1475 2765 testamento.

249 2878 253 2884 Ι
271 2786 484 2854 nihilominus
507 2789 745 2853 testamentum
767 2792 870 2854 tenet.

375 2943 449 3006 632.
479 2942 530 3006 De
560 2944 622 3022 his,
656 2945 714 3027 qui
742 2952 965 3009 testamentum
989 2944 1105 3029 faeere
1135 2966 1197 3007 noo
1224 2954 1372 3029 poseant.
1405 2942 1474 3027 Qui·
1604 2938 1605 2943 ’

268 3047 378 3114 alieno
402 3047 547 3131 subjecti
570 3052 648 3113 sunt
667 3048 744 3132 juri,
767 3049 965 3116 testamenti
993 3050 1049 3133 jus
1075 3048 1221 3116 faciendi
1243 3067 1310 3115 non
1333 3047 1468 3129 hahent,

268 3150 334 3217 nisi
357 3157 517 3232 quantum
540 3157 700 3234 parentes
718 3152 773 3218 eis
795 3153 1025 3235 permiserinte
1049 3154 1200 3235 exceptis
1222 3154 1394 3236 militibus
1412 3151 1468 3233 qui

267 3256 303 3323 in
336 3260 508 3337 potestate
543 3260 718 3337 parentum
754 3262 842 3339 sunt,
876 3258 996 3338 onibus
1031 3260 1073 3325 de
1103 3275 1152 3340 eo,
1185 3258 1271 3337 qnod
1295 3256 1330 3323 in
1353 3261 1468 3323 oestro

268 3359 507 3441 acquisierunt,
530 3359 728 3440 permissum
751 3364 805 3425 est
827 3365 1064 3428 testamentum
1086 3361 1207 3429 facem.

372 3480 556 3549 Praeterea
578 3484 815 3547 testamentum
838 3481 989 3564 impubes
1012 3483 1126 3551 faeere
1141 3501 1207 3549 non
1222 3486 1369 3568 possunt²
1387 3483 1465 3565 qnia

267 3584 392 3651 nullum
416 3603 528 3651 eorum
550 3584 653 3651 animi
671 3583 834 3667 Judioinm
857 3589 917 3652 est.
948 3587 1045 3653 Unde
1077 3587 1252 3666 masculae,
1279 3588 1337 3668 qui
1359 3605 1464 3654 annos

266 3688 392 3757 aetatis
424 3690 674 3769 quatuordeeim
705 3689 895 3783 complevit,
925 3676 1162 3757 testamentum
1192 3690 1304 3759 facere
1335 3694 1464 3774 potest;

266 3793 390 3859 iemina
413 3810 502 3875 vero,
526 3810 611 3873 qnae
635 3793 812 3874 complevit
836 3812 941 3860 annos
965 3796 1146 3861 duodecim.

369 3913 410 3979 It.
434 3914 505 3979 Nee
527 3913 652 3996 furiosi,
677 3915 755 3993 quia
778 3922 889 3981 mente
913 3921 1038 3982 carent.
1062 3916 1133 3983 Nee
1156 3919 1199 3983 ad
1219 3934 1289 3983 rem
1305 3915 1468 3999 pertinet.

266 4018 294 4083 si
317 4019 469 4100 impubes
494 4023 613 4100 postea
637 4020 740 4099 pnhes
763 4018 884 4100 faetus,
914 4025 974 4086 aut
1004 4019 1158 4099 furiosus,
1192 4026 1310 4103 postea
1341 4018 1457 4087 mentis

266 4140 397 4204 compos
420 4122 531 4188 faetus
554 4121 657 4187 fuerit
679 4128 715 4186 θῖ
737 4123 930 4189 decesserit.
953 4124 1088 4191 Furiosi
1110 4130 1231 4209 antem,
1254 4126 1283 4190 si
1300 4124 1457 4206 peridem

264 4234 395 4308 tempus
418 4226 562 4293 fecerint
585 4228 833 4308 testamentum,
855 4246 917 4307 qno
934 4228 1155 4295 foraneorum
1172 4229 1382 4295 intermissus
1398 4230 1465 4305 est*

260 4330 337 4414 jure
360 4329 480 4395 testati
502 4347 577 4395 esse
601 4328 772 4408 videntum
795 4336 889 4397 eerte
912 4331 1011 4399 etiam
1037 4350 1084 4410 eo,
1108 4334 1195 4413 qnod
1218 4337 1298 4399 ante
1313 4332 1459 4398 furorem.
