3275 5009
619 336 784 427 Sententiae
802 337 980 407 Iglavienses
1355 344 1407 395 353

311 544 387 611 250.
410 544 469 610 De
492 545 750 613 testimonio
773 546 913 631 jurati
946 553 989 612 et
1018 546 1187 631 judicio
1220 566 1406 631 peremp

207 646 332 715 torio.
356 648 466 715 Hasso
489 650 595 715 movit
618 649 868 733 querimoniam,
901 650 1048 730 qualiter
1079 651 1238 717 Nicolaus
1272 652 1338 719 sibi
1370 653 1406 721 in

207 748 316 817 tribus
338 750 417 817 lotis
441 752 515 819 auri
537 756 706 835 teneatur,
728 753 903 834 proferens
926 772 1019 820 suam
1042 753 1210 839 justitiam
1243 774 1304 837 per
1332 775 1404 823 sca·

207 854 320 920 binum
351 855 439 922 velle
469 856 673 924 confirmare.
706 857 761 924 Ad
794 856 857 924 hoc
892 857 1049 924 Nicolaus
1083 856 1258 940 respondit
1289 860 1405 926 debita

207 960 369 1045 negando,
391 962 451 1027 sed
474 961 699 1028 testimouium
729 962 859 1029 scabini
893 963 964 1044 pati
999 969 1141 1045 oportet.
1175 963 1404 1045 Peremptorio

202 1064 329 1146 judicio
353 1066 510 1133 veniente
532 1066 643 1133 Hasso
666 1084 732 1134 nou
757 1067 880 1133 statuit
896 1067 1077 1148 scabinum,
1092 1068 1151 1134 sed
1167 1085 1262 1135 suum
1278 1068 1403 1135 exitum

201 1165 308 1247 judici
331 1173 366 1235 et
384 1169 507 1251 juratis
531 1170 565 1237 in
591 1171 753 1238 tribunali
784 1170 980 1238 sedentibus
1014 1191 1074 1253 per
1107 1171 1215 1238 dictos
1248 1172 1401 1240 scabinos

207 1270 308 1337 alium
331 1273 502 1341 scabinum
526 1274 678 1341 indicens
713 1293 749 1342 se
783 1275 818 1341 iu
855 1274 970 1341 arduis
1005 1276 1151 1359 negotiis
1186 1276 1401 1357 equitantem.

205 1374 349 1443 Etcum
372 1377 467 1445 homo
491 1396 585 1445 snum
608 1384 730 1445 testem
753 1397 819 1447 non
842 1398 903 1461 pro
926 1396 964 1446 sc
987 1397 1118 1463 cogere,
1151 1381 1210 1446 sed
1241 1379 1403 1464 jndicium

206 1480 383 1561 perhibere
420 1484 646 1551 testimouium
683 1483 833 1566 veritati,
881 1484 990 1550 dictus
1027 1484 1139 1551 Hasso
1177 1484 1301 1566 petivit
1337 1484 1404 1552 sibi

206 1586 415 1666 sententiam,
437 1593 550 1655 utrum
571 1588 706 1668 aliquod
728 1593 962 1655 nocumentum
996 1587 1060 1654 sibi
1093 1593 1208 1670 posset
1241 1589 1401 1657 inducere

205 1706 249 1755 au
271 1708 336 1757 uon
369 1692 422 1758 vel
451 1691 606 1773 quicquid
625 1693 712 1775 juris
735 1690 852 1759 esset?
887 1727 924 1739 -
957 1690 1095 1773 Super
1125 1711 1201 1772 quo
1230 1697 1402 1760 senteu-

205 1792 358 1861 tiatum
380 1795 482 1863 fuit:
506 1796 558 1862 Ex
578 1813 641 1876 quo
660 1795 768 1863 Hasso
785 1798 826 1862 de
842 1814 984 1879 vespere
999 1814 1060 1863 sen
1075 1796 1141 1863 alio
1157 1795 1211 1864 die
1228 1796 1399 1875 scabinum

172 1891 174 1901 '
205 1897 312 1965 citare
338 1918 398 1967 seu
419 1918 542 1967 vocare
577 1902 619 1966 ad
649 1899 810 1984 judicium
844 1919 911 1967 non
941 1900 1146 1983 procuravit,
1180 1900 1254 1966 ideo
1291 1901 1401 1969 dictus

203 2002 362 2070 Nicolaus
386 2007 543 2072 essetab
566 2023 606 2070 eo
629 2004 812 2087 absolutus,
839 2003 919 2085 quia
950 2002 1210 2086 peremptorium
1239 2003 1402 2086 judicium

205 2107 328 2173 unllam
350 2108 454 2175 hahet
477 2108 761 2193 propagationem.

308 2266 384 2333 251.
407 2265 522 2333 Haec
545 2271 646 2332 suut
664 2268 763 2350 jura
785 2270 983 2332 staterae
1007 2265 1168 2347 plumbi
1190 2270 1269 2331 etc.
1306 2265 1401 2333 Haec

204 2372 283 2434 sunt
305 2371 380 2453 jura
403 2374 552 2436 staterae
575 2369 701 2452 plumbi
725 2368 925 2452 conscripta,
949 2374 1048 2451 prout
1071 2368 1228 2451 eajmati
1245 2369 1403 2436 viderunt

199 2473 355 2558 Justitiae
368 2474 485 2558 'magis
508 2481 706 2557 competere,
729 2474 882 2555 pensatis
905 2474 1050 2541 diversis
1069 2474 1174 2539 modis
1190 2470 1280 2539 circa
1296 2470 1400 2552 ipsam

204 2583 367 2645 stateram
391 2578 517 2646 habitis
541 2583 576 2645 et
598 2578 743 2662 usitatis,
771 2578 963 2645 testimonio
986 2577 1170 2645 seniorum:
1201 2576 1402 2661 Alienigena

204 2683 285 2747 dare
318 2685 420 2750 debet
454 2684 494 2749 de
529 2684 676 2765 pondere
707 2682 903 2749 centenario
941 2680 1063 2763 plumbi
1091 2681 1146 2748 vel
1177 2681 1317 2749 alterius
1350 2682 1401 2749 rei

205 2806 266 2853 sex
304 2805 448 2871 grossos,
485 2786 568 2853 civis
606 2805 687 2853 vero
729 2791 873 2867 quatuor
913 2806 962 2870 gr.
1000 2790 1138 2851 tantum.
1181 2785 1222 2852 It.
1259 2786 1395 2865 quilibe-

204 2892 288 2958 civis
312 2896 426 2973 potest
448 2893 596 2959 vendere
619 2891 786 2972 plumbum
813 2909 908 2957 suum
941 2907 1001 2970 per
1032 2895 1185 2959 octavam
1218 2890 1272 2956 vel
1305 2891 1401 2955 sedet

204 2995 321 3061 cimam
343 3001 483 3079 partem,
506 2995 594 3061 siout
618 2996 828 3077 ponderatur.
852 2995 894 3059 It.
917 2997 959 3061 de
982 2994 1132 3060 sectione
1154 2993 1288 3075 plumbi,
1311 2995 1399 3074 quod

204 3098 329 3165 dicitur
350 3100 516 3182 schroteu,
532 3101 574 3164 de
590 3098 784 3165 centenario
800 3100 926 3164 debent
942 3097 1015 3164 dari
1030 3100 1096 3162 dno
1111 3097 1208 3179 parvi
1223 3098 1401 3181 bullenses,

204 3205 246 3269 de
269 3204 376 3269 medio
398 3202 592 3270 centenario
616 3221 700 3269 uuus
724 3222 849 3284 parvus
881 3206 916 3267 et
950 3220 1016 3267 uon
1048 3200 1145 3285 infra,
1179 3204 1399 3282 computando

204 3325 304 3373 uuum
327 3310 370 3373 ad
393 3306 491 3373 alind.
514 3307 555 3372 It.
579 3306 663 3373 civis
687 3296 729 3373 de
750 3306 873 3389 lagena
895 3304 960 3373 olei
983 3306 1079 3371 dabit
1107 3307 1190 3372 duas
1214 3324 1336 3388 parvos
1365 3312 1401 3371 et

204 3429 270 3477 uon
292 3411 389 3494 inira,
412 3416 447 3477 et
470 3412 591 3492 hospes
608 3418 757 3491 quatuor.
780 3410 823 3477 It.
843 3409 934 3476 Civis
950 3412 991 3477 de
1008 3409 1201 3476 centenario
1216 3409 1291 3492 sepi
1306 3408 1400 3475 dabit

204 3532 304 3581 unum
327 3534 466 3597 parvum
489 3519 524 3581 et
546 3515 668 3596 hospes
691 3517 773 3581 duos
789 3534 921 3597 parvos.
943 3515 986 3579 It.
1002 3516 1044 3580 de
1059 3513 1259 3580 secundaria
1277 3513 1399 3595 ponde·

204 3619 335 3685 ratione
358 3619 573 3687 centenarius
597 3618 705 3698 quivis
729 3619 841 3685 solvat
870 3622 1014 3699 quatuor
1044 3635 1180 3701 grossos
1204 3621 1239 3681 et
1263 3616 1400 3698 insuper

204 3725 246 3789 dc
269 3722 423 3789 vectione
447 3722 632 3788 centenarii
655 3740 757 3803 supra
780 3740 911 3788 currum
934 3726 1078 3802 quatuor
1100 3740 1159 3804 gr,
1188 3738 1272 3800 quos
1300 3720 1400 3785 etiam

204 3827 313 3896 solvet
336 3827 479 3908 quilibet
501 3829 542 3893 de
566 3832 640 3908 ipsa
662 3826 818 3893 vectione
841 3843 944 3907 supra
966 3842 1108 3891 currum.
1132 3824 1236 3909 (179.)

306 3986 383 4053 252.
419 3984 527 4051 Keiu
559 4002 648 4049 man
682 4002 772 4068 mag
806 3982 1105 4065 purgeurecht
1138 3982 1276 4047 haben
1310 3983 1400 4047 umb

203 4087 303 4171 gelt.
327 4089 397 4155 Das
420 4089 466 4155 ist
490 4087 574 4153 auch
599 4087 762 4170 gemacht,
786 4088 847 4151 das
869 4088 946 4151 umb
969 4085 1042 4167 golt
1063 4083 1143 4150 heiu
1173 4102 1249 4149 man
1274 4102 1402 4169 purgeu

202 4192 300 4257 recht
321 4212 399 4277 mag
420 4192 619 4272 fursetczen,
643 4193 767 4257 sunder
798 4210 836 4255 er
867 4190 918 4254 sol
949 4189 1095 4255 cznhaut
1127 4191 1318 4254 autworten
1351 4188 1402 4255 als

199 4297 297 4379 jener
330 4302 390 4381 tet,
423 4296 477 4361 fur
511 4295 576 4362 den
610 4314 649 4361 er
681 4296 727 4361 ist
761 4312 847 4379 purg
879 4293 1026 4375 worden,
1059 4293 1127 4358 und
1161 4293 1211 4359 sol
1245 4290 1332 4358 auch
1365 4292 1401 4358 iu

254 4435 329 4477 codex
341 4435 381 4484 jn.
396 4434 446 4476 aas.
460 4434 488 4476 u.
504 4440 522 4473 r.
1264 4414 1298 4465 23
