3275 5009
176 360 177 365 ¹
226 340 279 391 324
752 335 899 391 Addenda:

226 546 334 631 geltcs
379 564 505 631 wegen,
550 547 584 611 in
622 546 655 611 di
692 546 783 614 tauel
826 546 880 611 fur
920 546 1053 630 goricbt
1089 565 1119 610 u.
1158 546 1308 612 vorricht
1344 546 1418 610 sich

227 653 375 729 darnoob¹
409 637 603 733 heymelich‚
645 670 688 717 an
726 654 784 717 des
823 652 966 716 richters
1003 655 1098 727 vvort,
1139 651 1200 715 mit
1223 650 1418 741 ⁴dorselbcn

140 744 148 817 J
225 758 365 837 payder:
412 756 465 821 ein
501 756 605 839 iglioh
642 756 693 821 sol
734 774 770 821 er
809 774 994 837 vorpussen
1039 756 1104 839 mit¹
1142 754 1250 820 einen
1294 755 1417 820 halben

225 858 398 942 vierdung.
422 857 525 943 (143.)

301 1018 303 1026 ’
328 999 404 1065 135.
428 998 486 1063 De
514 998 750 1063 concordia
782 998 823 1062 in
855 998 1049 1063 fraudem
1077 996 1253 1079 judicis.
1276 996 1417 1062 Senten-

223 1103 343 1169 tiatum
367 1110 420 1169 est
444 1102 572 1169 civibus
595 1104 629 1168 in
653 1101 783 1186 Eylow:
809 1104 843 1169 Si
856 1104 961 1187 judici
981 1109 1033 1167 est
1048 1102 1202 1185 suspicio,
1218 1100 1305 1181 quod
1319 1105 1420 1165 actor

225 1213 360 1287 etreus,
386 1212 422 1273 ut
444 1200 552 1287 ipsum
576 1207 610 1273 in
634 1208 781 1273 emendis
805 1208 971 1285 fraudent,
995 1209 1127 1273 occulte
1148 1210 1239 1272 inter
1261 1224 1298 1271 se
1317 1222 1419 1285 super

224 1312 342 1388 caesio,
366 1312 549 1391 dequibus
573 1312 802 1391 quaestionem
835 1313 968 1394 babent,
1001 1310 1247 1393 composuerint
1271 1314 1306 1374 et
1329 1310 1417 1373 ordi·

223 1416 388 1492 noverint,
412 1415 608 1497 compellere
631 1420 743 1495 potest
766 1418 900 1482 cosdem
926 1417 970 1481 ad
988 1414 1173 1496 jurandum,
1207 1414 1293 1492 quod
1325 1412 1417 1476 inter

160 1564 162 1567 -
224 1520 313 1600 ipsos
337 1518 530 1600 compositio
553 1538 618 1585 non
641 1518 687 1583 sit
709 1520 808 1585 iacta.
836 1518 896 1605 (8.)
1519 1518 1524 1525 '

290 1694 292 1699 .
326 1657 1416 1743 136.Dearguiuionojudicisetjuratorumvnumus,

225 1768 262 1828 ut
274 1763 458 1841 quicunque
466 1762 611 1844 judicem
626 1764 679 1828 vel
691 1764 833 1843 aliquem
839 1747 988 1844 juratum
1000 1762 1242 1842 coramjudioio
1254 1760 1416 1843 arguerit,

224 1858 329 1932 stabit
351 1867 385 1932 in
408 1885 515 1948 poena
533 1866 638 1951 judici
660 1866 694 1931 in
718 1868 780 1932 LX
804 1867 929 1947 solidis
953 1866 1090 1931 cuilibet
1108 1866 1222 1948 J'urato
1245 1865 1280 1929 in
1302 1864 1417 1944 XXX,

221 1970 329 2036 tribus
354 1972 497 2037 testibus
521 1972 694 2036 convictus
719 1972 772 2036 vel
792 1972 862 2036 solo
876 1972 997 2053 jurato.
1021 1970 1057 2035 si
1073 1977 1185 2035 autem
1200 1970 1342 2051 judicem
1359 1970 1416 2034 vel

216 2074 363 2156 juratum
391 2075 533 2155 aliquem
567 2081 842 2155 praesumptuose
877 2074 1128 2155 vituperaverit,
1164 2074 1305 2156 dicendo
1338 2091 1417 2137 eum

220 2178 415 2245 vilissimum
438 2180 493 2243 vel
515 2180 711 2244 traditorem
738 2180 790 2244 vel
812 2179 1029 2261 haereticum,
1050 2184 1143 2243 tuno
1166 2178 1274 2243 tribus
1298 2178 1416 2242 diebus

220 2283 393 2348 dominicis
416 2282 479 2348 ibit
501 2285 545 2347 ad
567 2284 775 2365 parrochiam
799 2283 833 2347 in
854 2284 985 2364 publice
1000 2289 1095 2347 stans
1111 2282 1256 2360 statione
1275 2282 1310 2345 in
1334 2281 1415 2360 alto,

204 2404 329 2453 coram
354 2388 502 2451 omnibus
534 2386 639 2453 dicet:
675 2386 730 2469 „Si
764 2388 847 2452 talia
882 2387 951 2451 dixi
985 2388 1025 2451 de
1055 2377 1169 2467 jndice
1203 2386 1257 2451 vel
1289 2384 1415 2465 jurato,

219 2493 379 2557 mentitus
404 2510 472 2555 sum
497 2492 585 2556 sicut
609 2491 818 2557 vilissimus“.
853 2491 1072 2572 percutiendo
1096 2508 1133 2555 sc
1156 2508 1255 2556 mann
1278 2489 1415 2570 propria

218 2594 252 2659 in
276 2614 312 2659 os
337 2612 441 2681 aqum
471 2594 512 2661 Si
536 2595 635 2659 talem
667 2595 932 2660 satisfactionem
967 2589 1215 2677 contempserit
1247 2593 1275 2658 si
1306 2593 1416 2677 judici

219 2707 254 2763 et
273 2700 396 2779 jnratis
422 2698 593 2779 placuerit,
617 2717 718 2779 super
741 2700 859 2764 collum
875 2718 968 2764 suurn
988 2699 1223 2777 proscribatur.
1248 2696 1283 2762 Si
1299 2702 1413 2762 autem

218 2801 339 2881 aliquis
362 2802 462 2866 alicui
482 2803 546 2867 sibi
563 2803 636 2883 pari
653 2803 706 2867 vel
723 2822 780 2868 suo
798 2803 927 2867 concivi
943 2802 1073 2882 fecerit,
1089 2820 1217 2881 poenae
1233 2799 1414 2866 solidorum

217 2908 414 2990 subjacebit,
446 2910 618 2973 convictus
642 2907 728 2973 sicut
751 2908 976 2973 antedictum
1002 2915 1055 2971 est
1096 2906 1130 2972 Si
1153 2915 1262 2970 autem
1294 2923 1414 2971 scurra

217 3011 272 3075 vel
294 3010 434 3075 lotarius
458 3010 557 3076 alicui
578 3010 707 3092 fecerit,
730 3014 772 3075 ad
791 3014 936 3076 statuam
953 3010 1143 3093 flagelletur
1159 3017 1195 3074 et
1211 3012 1252 3074 de
1269 3010 1415 3075 civitate

218 3122 252 3179 ot
275 3115 426 3180 terminis
449 3118 522 3199 ejus
547 3115 697 3194 pellatur.
723 3114 880 3199 (XXIX.)
991 3133 994 3136 ·

320 3254 394 3319 137.
431 3253 487 3317 De
523 3253 707 3317 termino
743 3255 1037 3335 peremptorio
1072 3274 1092 3317 a
1123 3255 1271 3336 judice
1305 3252 1409 3317 essi·

217 3363 356 3439 gnato.
391 3358 589 3435 Cuicumque
622 3359 693 3445 dies
719 3357 940 3437 peremptoria
964 3377 1023 3437 pro
1046 3358 1159 3437 aliqua
1182 3375 1284 3422 causa
1306 3354 1413 3421 fuerit

216 3462 389 3543 assignata
402 3480 510 3526 coram
520 3461 644 3539 jndicio
660 3463 878 3541 comparendi,
891 3482 917 3526 si
932 3481 996 3527 non
1009 3462 1241 3542 comparuerit,
1258 3464 1412 3525 testante

210 3564 323 3645 judice
339 3572 372 3649 et
382 3566 513 3647 juratis,
535 3566 748 3630 colvenerius
770 3570 841 3647 ejus
856 3569 913 3649 jus
933 3585 1026 3630 suum
1048 3565 1220 3631 obtinebit.
1245 3563 1281 3629 Si
1296 3571 1411 3628 autem

215 3670 399 3733 absentiam
437 3687 527 3732 suam
566 3669 716 3751 legitima
754 3670 959 3734 necessitate
1000 3670 1228 3750 praepeditam
1267 3670 1411 3748 probare

214 3773 368 3851 voluerit,
392 3777 452 3837 boc
479 3775 569 3837 modo
595 3775 767 3853 procedat:
791 3774 824 3838 Si
849 3775 951 3837 tuerit
974 3774 1125 3838 residens
1145 3772 1233 3837 infra
1248 3771 1411 3837 terminos

215 3884 336 3956 terrae,
359 3879 393 3942 in
416 3878 519 3958 primo
543 3896 602 3941 suo
627 3880 772 3942 adventu
792 3878 936 3957 jndicem
953 3889 986 3943 et
1000 3880 1131 3959 iuratos
1147 3880 1257 3955 adeat,
1273 3894 1411 3940 cansam

214 3983 388 4047 absentiae
411 4001 490 4047 suae
515 3984 596 4061 ipsis
620 3983 761 4047 lucidius
786 3982 995 4047 declarando.
1021 3983 1081 4046 Cui
1100 3982 1205 4063 judex
1227 3980 1313 4045 diem
1332 3999 1408 4060 pro-

213 4086 333 4149 ximam
351 4086 469 4169 judicii
493 4091 622 4149 statuet
647 4091 681 4149 et
704 4105 763 4150 suo
780 4085 985 4164 adversario,
1004 4085 1117 4163 inquo
1136 4082 1255 4163 iudicio
1272 4100 1409 4147 cansam

213 4190 387 4255 absentiae
419 4209 499 4255 suae
526 4210 583 4268 per
606 4192 741 4253 evidens
768 4175 991 4256 testimonium
1015 4196 1150 4254 tenetur
1185 4190 1335 4267 probare.
1370 4186 1410 4252 Si

215 4314 293 4359 vero
317 4295 549 4375 testimonium,
574 4311 638 4371 quo
664 4295 843 4373 procedere
869 4294 997 4372 nititur,
1017 4303 1154 4375 propter
1170 4292 1242 4374 vias
1259 4296 1409 4364 remotas
