<?xml version="1.0" encoding="UTF-8"?>
<!DOCTYPE html PUBLIC "-//W3C//DTD XHTML 1.0 Transitional//EN"
    "http://www.w3.org/TR/xhtml1/DTD/xhtml1-transitional.dtd">
<html xmlns="http://www.w3.org/1999/xhtml" xml:lang="en" lang="en">
 <head>
  <title>
</title>
<meta http-equiv="Content-Type" content="text/html;charset=utf-8" />
  <meta name='ocr-system' content='tesseract 3.04.00' />
  <meta name='ocr-capabilities' content='ocr_page ocr_carea ocr_par ocr_line ocrx_word'/>
</head>
<body>
  <div class='ocr_page' id='page_1' title='image "./codexjurisbohem00unkngoog_0169.png"; bbox 0 0 3275 5009; ppageno 0'>
   <div class='ocr_carea' id='block_1_1' title="bbox 685 355 1367 423">
    <p class='ocr_par' dir='ltr' id='par_1_1' title="bbox 685 355 1367 423">
     <span class='ocr_line' id='line_1_1' title="bbox 685 355 1367 423; baseline 0.01 -13"><span class='ocrx_word' id='word_1_1' title='bbox 685 355 851 412; x_wconf 87' lang='lat' dir='ltr'>Brunenses.</span> <span class='ocrx_word' id='word_1_2' title='bbox 973 410 981 423; x_wconf 78' lang='grc'>,</span> <span class='ocrx_word' id='word_1_3' title='bbox 1317 365 1367 417; x_wconf 78' lang='lat' dir='ltr'>tea</span> 
     </span>
    </p>
   </div>
   <div class='ocr_carea' id='block_1_2' title="bbox 129 563 1466 857">
    <p class='ocr_par' dir='ltr' id='par_1_2' title="bbox 129 563 1466 857">
     <span class='ocr_line' id='line_1_2' title="bbox 129 563 1466 652; baseline 0.007 -22"><span class='ocrx_word' id='word_1_4' title='bbox 129 563 245 644; x_wconf 84' lang='lat' dir='ltr'>quod</span> <span class='ocrx_word' id='word_1_5' title='bbox 269 563 367 646; x_wconf 88' lang='lat' dir='ltr'>pueri</span> <span class='ocrx_word' id='word_1_6' title='bbox 390 563 469 632; x_wconf 86' lang='lat' dir='ltr'>talis</span> <span class='ocrx_word' id='word_1_7' title='bbox 491 563 561 650; x_wconf 88' lang='lat' dir='ltr'>filii,</span> <span class='ocrx_word' id='word_1_8' title='bbox 583 564 658 633; x_wconf 87' lang='lat' dir='ltr'>sive</span> <span class='ocrx_word' id='word_1_9' title='bbox 679 581 766 632; x_wconf 85' lang='lat' dir='ltr'>uuus</span> <span class='ocrx_word' id='word_1_10' title='bbox 788 566 835 632; x_wconf 88' lang='lat' dir='ltr'>sit</span> <span class='ocrx_word' id='word_1_11' title='bbox 857 567 929 637; x_wconf 85' lang='lat' dir='ltr'>sive</span> <span class='ocrx_word' id='word_1_12' title='bbox 952 567 1064 651; x_wconf 89' lang='lat' dir='ltr'>plnres</span> <span class='ocrx_word' id='word_1_13' title='bbox 1087 567 1223 652; x_wconf 84' lang='lat' dir='ltr'>fuerint,</span> <span class='ocrx_word' id='word_1_14' title='bbox 1260 569 1364 638; x_wconf 87' lang='lat' dir='ltr'>solum</span> <span class='ocrx_word' id='word_1_15' title='bbox 1463 623 1466 629; x_wconf 89' lang='lat'>.</span> 
     </span>
     <span class='ocr_line' id='line_1_3' title="bbox 136 668 1365 760; baseline 0.007 -26"><span class='ocrx_word' id='word_1_16' title='bbox 136 683 259 735; x_wconf 86' lang='lat' dir='ltr'>unam</span> <span class='ocrx_word' id='word_1_17' title='bbox 273 673 415 752; x_wconf 84' lang='lat' dir='ltr'>partem,</span> <span class='ocrx_word' id='word_1_18' title='bbox 428 669 518 736; x_wconf 83' lang='lat' dir='ltr'>iliam</span> <span class='ocrx_word' id='word_1_19' title='bbox 531 668 702 756; x_wconf 85' lang='lat' dir='ltr'>videlicet,</span> <span class='ocrx_word' id='word_1_20' title='bbox 712 689 798 752; x_wconf 82' lang='lat' dir='ltr'>quoe</span> <span class='ocrx_word' id='word_1_21' title='bbox 811 671 855 738; x_wconf 87' lang='lat' dir='ltr'>ad</span> <span class='ocrx_word' id='word_1_22' title='bbox 866 683 995 755; x_wconf 86' lang='lat' dir='ltr'>putrem</span> <span class='ocrx_word' id='word_1_23' title='bbox 1008 690 1120 741; x_wconf 90' lang='lat' dir='ltr'>eorum</span> <span class='ocrx_word' id='word_1_24' title='bbox 1133 674 1365 760; x_wconf 77' lang='lat' dir='ltr'><strong>pertinuisset,</strong></span> 
     </span>
     <span class='ocr_line' id='line_1_4' title="bbox 137 773 581 857; baseline 0.002 -17"><span class='ocrx_word' id='word_1_25' title='bbox 137 773 342 857; x_wconf 80' lang='lat' dir='ltr'>percipere</span> <span class='ocrx_word' id='word_1_26' title='bbox 369 776 581 842; x_wconf 86' lang='lat' dir='ltr'>tenebuntur.</span> 
     </span>
    </p>
   </div>
   <div class='ocr_carea' id='block_1_3' title="bbox 131 947 1361 2392">
    <p class='ocr_par' dir='ltr' id='par_1_3' title="bbox 131 947 1361 1872">
     <span class='ocr_line' id='line_1_5' title="bbox 263 947 1358 1036; baseline 0.005 -26"><span class='ocrx_word' id='word_1_27' title='bbox 263 947 349 1020; x_wconf 39' lang='lat'>3592,</span> <span class='ocrx_word' id='word_1_28' title='bbox 382 948 457 1016; x_wconf 84' lang='lat'><strong><em>360.</em></strong></span> <span class='ocrx_word' id='word_1_29' title='bbox 488 957 518 1012; x_wconf 87' lang='lat' dir='ltr'>et</span> <span class='ocrx_word' id='word_1_30' title='bbox 554 949 628 1016; x_wconf 85' lang='lat'><strong><em>361.</em></strong></span> <span class='ocrx_word' id='word_1_31' title='bbox 662 947 713 1013; x_wconf 82' lang='lat' dir='ltr'>Do</span> <span class='ocrx_word' id='word_1_32' title='bbox 746 949 951 1016; x_wconf 73' lang='lat' dir='ltr'>hereditario</span> <span class='ocrx_word' id='word_1_33' title='bbox 979 953 1179 1015; x_wconf 79' lang='lat' dir='ltr'>successione</span> <span class='ocrx_word' id='word_1_34' title='bbox 1203 953 1358 1036; x_wconf 75' lang='lat' dir='ltr'><strong><em>fratrum</em></strong></span> 
     </span>
     <span class='ocr_line' id='line_1_6' title="bbox 135 1051 1359 1141; baseline 0.004 -23"><span class='ocrx_word' id='word_1_35' title='bbox 135 1051 286 1118; x_wconf 81' lang='lat' dir='ltr'>Frater</span> <span class='ocrx_word' id='word_1_36' title='bbox 297 1053 404 1133; x_wconf 83' lang='lat' dir='ltr'>patris</span> <span class='ocrx_word' id='word_1_37' title='bbox 416 1053 564 1130; x_wconf 83' lang='lat' dir='ltr'>adbona,</span> <span class='ocrx_word' id='word_1_38' title='bbox 578 1070 664 1134; x_wconf 87' lang='lat' dir='ltr'>quae</span> <span class='ocrx_word' id='word_1_39' title='bbox 675 1054 816 1122; x_wconf 85' lang='lat' dir='ltr'>maritus</span> <span class='ocrx_word' id='word_1_40' title='bbox 829 1059 863 1123; x_wconf 87' lang='lat' dir='ltr'>et</span> <span class='ocrx_word' id='word_1_41' title='bbox 877 1073 960 1122; x_wconf 85' lang='lat' dir='ltr'>uxor</span> <span class='ocrx_word' id='word_1_42' title='bbox 971 1055 1126 1124; x_wconf 81' lang='lat' dir='ltr'>intestati</span> <span class='ocrx_word' id='word_1_43' title='bbox 1137 1058 1359 1141; x_wconf 87' lang='lat' dir='ltr'>reliquerunt,</span> 
     </span>
     <span class='ocr_line' id='line_1_7' title="bbox 139 1154 1357 1244; baseline 0.007 -24"><span class='ocrx_word' id='word_1_44' title='bbox 139 1154 387 1238; x_wconf 67' lang='lat' dir='ltr'><strong>propinquior</strong></span> <span class='ocrx_word' id='word_1_45' title='bbox 412 1162 466 1224; x_wconf 84' lang='lat' dir='ltr'>est</span> <span class='ocrx_word' id='word_1_46' title='bbox 498 1155 731 1242; x_wconf 69' lang='lat' dir='ltr'>persequens</span> <span class='ocrx_word' id='word_1_47' title='bbox 761 1158 870 1227; x_wconf 84' lang='lat' dir='ltr'>frater</span> <span class='ocrx_word' id='word_1_48' title='bbox 901 1159 1026 1227; x_wconf 85' lang='lat' dir='ltr'>matris.</span> <span class='ocrx_word' id='word_1_49' title='bbox 1059 1155 1155 1244; x_wconf 89' lang='lat' dir='ltr'>Item,</span> <span class='ocrx_word' id='word_1_50' title='bbox 1184 1161 1215 1227; x_wconf 89' lang='lat' dir='ltr'>si</span> <span class='ocrx_word' id='word_1_51' title='bbox 1236 1162 1357 1230; x_wconf 85' lang='lat' dir='ltr'>mulier</span> 
     </span>
     <span class='ocr_line' id='line_1_8' title="bbox 142 1256 1358 1344; baseline 0.005 -16"><span class='ocrx_word' id='word_1_52' title='bbox 142 1262 253 1328; x_wconf 83' lang='lat' dir='ltr'>bona</span> <span class='ocrx_word' id='word_1_53' title='bbox 293 1261 420 1328; x_wconf 85' lang='lat' dir='ltr'>habens</span> <span class='ocrx_word' id='word_1_54' title='bbox 456 1256 593 1344; x_wconf 87' lang='lat' dir='ltr'>propria</span> <span class='ocrx_word' id='word_1_55' title='bbox 628 1261 783 1330; x_wconf 85' lang='lat' dir='ltr'>meritum</span> <span class='ocrx_word' id='word_1_56' title='bbox 828 1263 962 1331; x_wconf 83' lang='lat' dir='ltr'>duxerit</span> <span class='ocrx_word' id='word_1_57' title='bbox 994 1269 1031 1331; x_wconf 87' lang='lat' dir='ltr'>et</span> <span class='ocrx_word' id='word_1_58' title='bbox 1066 1263 1163 1332; x_wconf 88' lang='lat' dir='ltr'>ambo</span> <span class='ocrx_word' id='word_1_59' title='bbox 1201 1266 1358 1334; x_wconf 86' lang='lat' dir='ltr'>intestati</span> 
     </span>
     <span class='ocr_line' id='line_1_9' title="bbox 131 1363 1350 1453; baseline 0.007 -22"><span class='ocrx_word' id='word_1_60' title='bbox 131 1366 227 1432; x_wconf 85' lang='lat' dir='ltr'>sine</span> <span class='ocrx_word' id='word_1_61' title='bbox 252 1363 371 1432; x_wconf 88' lang='lat' dir='ltr'>liberis</span> <span class='ocrx_word' id='word_1_62' title='bbox 394 1364 617 1433; x_wconf 81' lang='lat' dir='ltr'>decesserint:</span> <span class='ocrx_word' id='word_1_63' title='bbox 649 1371 731 1433; x_wconf 90' lang='lat' dir='ltr'>tunc</span> <span class='ocrx_word' id='word_1_64' title='bbox 760 1386 827 1436; x_wconf 92' lang='lat' dir='ltr'>non</span> <span class='ocrx_word' id='word_1_65' title='bbox 849 1369 1008 1436; x_wconf 86' lang='lat' dir='ltr'>obstante</span> <span class='ocrx_word' id='word_1_66' title='bbox 1030 1370 1350 1453; x_wconf 77' lang='lat' dir='ltr'>consanguineorum</span> 
     </span>
     <span class='ocr_line' id='line_1_10' title="bbox 139 1467 1356 1555; baseline 0.005 -19"><span class='ocrx_word' id='word_1_67' title='bbox 139 1468 271 1538; x_wconf 87' lang='lat' dir='ltr'>mariti</span> <span class='ocrx_word' id='word_1_68' title='bbox 308 1467 515 1553; x_wconf 83' lang='lat' dir='ltr'>allegatione,</span> <span class='ocrx_word' id='word_1_69' title='bbox 554 1489 639 1551; x_wconf 88' lang='lat' dir='ltr'>qnae</span> <span class='ocrx_word' id='word_1_70' title='bbox 676 1475 788 1538; x_wconf 86' lang='lat' dir='ltr'>tumen</span> <span class='ocrx_word' id='word_1_71' title='bbox 821 1473 959 1539; x_wconf 88' lang='lat' dir='ltr'>multum</span> <span class='ocrx_word' id='word_1_72' title='bbox 1001 1480 1053 1541; x_wconf 89' lang='lat' dir='ltr'>est</span> <span class='ocrx_word' id='word_1_73' title='bbox 1087 1475 1285 1555; x_wconf 83' lang='lat' dir='ltr'>ponderosa,</span> <span class='ocrx_word' id='word_1_74' title='bbox 1326 1474 1356 1544; x_wconf 88' lang='lat' dir='ltr'>si</span> 
     </span>
     <span class='ocr_line' id='line_1_11' title="bbox 132 1573 1360 1663; baseline 0.003 -21"><span class='ocrx_word' id='word_1_75' title='bbox 132 1573 410 1658; x_wconf 76' lang='lat' dir='ltr'>cuneanguinei</span> <span class='ocrx_word' id='word_1_76' title='bbox 431 1575 580 1643; x_wconf 89' lang='lat' dir='ltr'>mulieris</span> <span class='ocrx_word' id='word_1_77' title='bbox 603 1577 668 1644; x_wconf 88' lang='lat' dir='ltr'>fide</span> <span class='ocrx_word' id='word_1_78' title='bbox 691 1573 792 1660; x_wconf 85' lang='lat' dir='ltr'>digno</span> <span class='ocrx_word' id='word_1_79' title='bbox 822 1574 1013 1643; x_wconf 85' lang='lat' dir='ltr'>testimonio</span> <span class='ocrx_word' id='word_1_80' title='bbox 1045 1578 1360 1663; x_wconf 82' lang='lat' dir='ltr'>demonstraverint,</span> 
     </span>
     <span class='ocr_line' id='line_1_12' title="bbox 131 1676 1361 1767; baseline 0.006 -22"><span class='ocrx_word' id='word_1_81' title='bbox 131 1680 248 1761; x_wconf 78' lang='lat' dir='ltr'>quod</span> <span class='ocrx_word' id='word_1_82' title='bbox 261 1676 359 1762; x_wconf 85' lang='lat' dir='ltr'>bona,</span> <span class='ocrx_word' id='word_1_83' title='bbox 372 1698 457 1760; x_wconf 86' lang='lat' dir='ltr'>quae</span> <span class='ocrx_word' id='word_1_84' title='bbox 468 1685 597 1763; x_wconf 90' lang='lat' dir='ltr'>petunt,</span> <span class='ocrx_word' id='word_1_85' title='bbox 610 1699 630 1747; x_wconf 85' lang='lat' dir='ltr'>e</span> <span class='ocrx_word' id='word_1_86' title='bbox 642 1679 801 1764; x_wconf 90' lang='lat' dir='ltr'>progenie</span> <span class='ocrx_word' id='word_1_87' title='bbox 813 1679 962 1747; x_wconf 87' lang='lat' dir='ltr'>mulieris</span> <span class='ocrx_word' id='word_1_88' title='bbox 972 1681 1014 1747; x_wconf 84' lang='lat' dir='ltr'>ad</span> <span class='ocrx_word' id='word_1_89' title='bbox 1026 1699 1099 1749; x_wconf 85' lang='lat' dir='ltr'>eum</span> <span class='ocrx_word' id='word_1_90' title='bbox 1116 1684 1361 1767; x_wconf 84' lang='lat' dir='ltr'>transiverunt,</span> 
     </span>
     <span class='ocr_line' id='line_1_13' title="bbox 143 1777 1358 1872; baseline 0.006 -22"><span class='ocrx_word' id='word_1_91' title='bbox 143 1785 247 1850; x_wconf 84' lang='lat' dir='ltr'>bona</span> <span class='ocrx_word' id='word_1_92' title='bbox 272 1777 356 1849; x_wconf 85' lang='lat' dir='ltr'>talia</span> <span class='ocrx_word' id='word_1_93' title='bbox 378 1785 502 1851; x_wconf 88' lang='lat' dir='ltr'>debent</span> <span class='ocrx_word' id='word_1_94' title='bbox 524 1787 568 1850; x_wconf 87' lang='lat' dir='ltr'>ad</span> <span class='ocrx_word' id='word_1_95' title='bbox 591 1802 649 1853; x_wconf 90' lang='lat' dir='ltr'>eos</span> <span class='ocrx_word' id='word_1_96' title='bbox 672 1786 761 1851; x_wconf 89' lang='lat' dir='ltr'>sicut</span> <span class='ocrx_word' id='word_1_97' title='bbox 792 1787 836 1851; x_wconf 86' lang='lat' dir='ltr'>ed</span> <span class='ocrx_word' id='word_1_98' title='bbox 870 1787 1011 1852; x_wconf 89' lang='lat' dir='ltr'>heredes</span> <span class='ocrx_word' id='word_1_99' title='bbox 1045 1804 1143 1853; x_wconf 90' lang='lat' dir='ltr'>veros</span> <span class='ocrx_word' id='word_1_100' title='bbox 1177 1789 1358 1872; x_wconf 87' lang='lat' dir='ltr'>pertinere.</span> 
     </span>
    </p>

    <p class='ocr_par' dir='ltr' id='par_1_4' title="bbox 133 1885 1359 2392">
     <span class='ocr_line' id='line_1_14' title="bbox 264 1885 1359 1974; baseline 0.009 -22"><span class='ocrx_word' id='word_1_101' title='bbox 264 1885 360 1971; x_wconf 87' lang='lat' dir='ltr'>Item,</span> <span class='ocrx_word' id='word_1_102' title='bbox 370 1885 465 1955; x_wconf 89' lang='lat' dir='ltr'>homo</span> <span class='ocrx_word' id='word_1_103' title='bbox 480 1890 609 1956; x_wconf 87' lang='lat' dir='ltr'>occisus</span> <span class='ocrx_word' id='word_1_104' title='bbox 622 1888 814 1970; x_wconf 86' lang='lat' dir='ltr'>relinquens</span> <span class='ocrx_word' id='word_1_105' title='bbox 829 1908 965 1958; x_wconf 86' lang='lat' dir='ltr'>uxorem</span> <span class='ocrx_word' id='word_1_106' title='bbox 977 1895 1013 1957; x_wconf 91' lang='lat' dir='ltr'>et</span> <span class='ocrx_word' id='word_1_107' title='bbox 1020 1889 1130 1972; x_wconf 86' lang='lat' dir='ltr'>filium,</span> <span class='ocrx_word' id='word_1_108' title='bbox 1142 1891 1236 1974; x_wconf 88' lang='lat' dir='ltr'>cujus</span> <span class='ocrx_word' id='word_1_109' title='bbox 1249 1902 1359 1962; x_wconf 83' lang='lat' dir='ltr'>mater</span> 
     </span>
     <span class='ocr_line' id='line_1_15' title="bbox 135 1991 1359 2080; baseline 0.005 -22"><span class='ocrx_word' id='word_1_110' title='bbox 135 1996 277 2076; x_wconf 79' lang='lat' dir='ltr'>postea</span> <span class='ocrx_word' id='word_1_111' title='bbox 299 1991 453 2059; x_wconf 87' lang='lat' dir='ltr'>maritum</span> <span class='ocrx_word' id='word_1_112' title='bbox 477 1991 684 2076; x_wconf 85' lang='lat' dir='ltr'>superduxit,</span> <span class='ocrx_word' id='word_1_113' title='bbox 707 1993 765 2074; x_wconf 91' lang='lat' dir='ltr'>qui</span> <span class='ocrx_word' id='word_1_114' title='bbox 790 2013 831 2060; x_wconf 83' lang='lat' dir='ltr'>ex</span> <span class='ocrx_word' id='word_1_115' title='bbox 854 1995 971 2060; x_wconf 89' lang='lat' dir='ltr'>eadem</span> <span class='ocrx_word' id='word_1_116' title='bbox 987 2013 1108 2076; x_wconf 90' lang='lat' dir='ltr'>pueros</span> <span class='ocrx_word' id='word_1_117' title='bbox 1123 1997 1308 2080; x_wconf 82' lang='lat' dir='ltr'>generavit,</span> <span class='ocrx_word' id='word_1_118' title='bbox 1322 2003 1359 2066; x_wconf 91' lang='lat' dir='ltr'>et</span> 
     </span>
     <span class='ocr_line' id='line_1_16' title="bbox 136 2095 1358 2180; baseline 0.004 -16"><span class='ocrx_word' id='word_1_119' title='bbox 136 2097 175 2164; x_wconf 80' lang='lat' dir='ltr'>si</span> <span class='ocrx_word' id='word_1_120' title='bbox 205 2101 294 2161; x_wconf 90' lang='lat' dir='ltr'>tunc</span> <span class='ocrx_word' id='word_1_121' title='bbox 329 2095 454 2177; x_wconf 86' lang='lat' dir='ltr'>primus</span> <span class='ocrx_word' id='word_1_122' title='bbox 488 2095 575 2164; x_wconf 88' lang='lat' dir='ltr'>filius</span> <span class='ocrx_word' id='word_1_123' title='bbox 609 2105 748 2180; x_wconf 88' lang='lat' dir='ltr'>recepta</span> <span class='ocrx_word' id='word_1_124' title='bbox 782 2113 844 2164; x_wconf 88' lang='lat' dir='ltr'>sua</span> <span class='ocrx_word' id='word_1_125' title='bbox 878 2099 1031 2180; x_wconf 89' lang='lat' dir='ltr'>portione</span> <span class='ocrx_word' id='word_1_126' title='bbox 1065 2102 1107 2166; x_wconf 89' lang='lat' dir='ltr'>ub</span> <span class='ocrx_word' id='word_1_127' title='bbox 1141 2101 1217 2167; x_wconf 86' lang='lat' dir='ltr'>aliis</span> <span class='ocrx_word' id='word_1_128' title='bbox 1252 2097 1358 2169; x_wconf 82' lang='lat' dir='ltr'>fuerit</span> 
     </span>
     <span class='ocr_line' id='line_1_17' title="bbox 133 2201 1358 2288; baseline 0.007 -22"><span class='ocrx_word' id='word_1_129' title='bbox 133 2205 337 2283; x_wconf 82' lang='lat' dir='ltr'>separatus</span> <span class='ocrx_word' id='word_1_130' title='bbox 360 2205 396 2267; x_wconf 89' lang='lat' dir='ltr'>et</span> <span class='ocrx_word' id='word_1_131' title='bbox 417 2201 579 2267; x_wconf 88' lang='lat' dir='ltr'>moriatur</span> <span class='ocrx_word' id='word_1_132' title='bbox 602 2202 681 2268; x_wconf 85' lang='lat' dir='ltr'>talis</span> <span class='ocrx_word' id='word_1_133' title='bbox 706 2216 784 2284; x_wconf 85' lang='lat' dir='ltr'>pars</span> <span class='ocrx_word' id='word_1_134' title='bbox 808 2202 957 2288; x_wconf 85' lang='lat' dir='ltr'>ejnsdem</span> <span class='ocrx_word' id='word_1_135' title='bbox 983 2204 1089 2285; x_wconf 86' lang='lat' dir='ltr'>parvi</span> <span class='ocrx_word' id='word_1_136' title='bbox 1119 2203 1179 2270; x_wconf 88' lang='lat' dir='ltr'>filii</span> <span class='ocrx_word' id='word_1_137' title='bbox 1214 2221 1279 2272; x_wconf 93' lang='lat' dir='ltr'>non</span> <span class='ocrx_word' id='word_1_138' title='bbox 1314 2209 1358 2275; x_wconf 88' lang='lat' dir='ltr'>ad</span> 
     </span>
     <span class='ocr_line' id='line_1_18' title="bbox 135 2304 1313 2392; baseline 0.004 -21"><span class='ocrx_word' id='word_1_139' title='bbox 135 2304 331 2388; x_wconf 83' lang='lat' dir='ltr'>dominum,</span> <span class='ocrx_word' id='word_1_140' title='bbox 354 2307 414 2371; x_wconf 90' lang='lat' dir='ltr'>sed</span> <span class='ocrx_word' id='word_1_141' title='bbox 437 2305 479 2371; x_wconf 90' lang='lat' dir='ltr'>ad</span> <span class='ocrx_word' id='word_1_142' title='bbox 502 2305 653 2373; x_wconf 88' lang='lat' dir='ltr'>uterinos</span> <span class='ocrx_word' id='word_1_143' title='bbox 676 2305 802 2374; x_wconf 82' lang='lat' dir='ltr'>tratres</span> <span class='ocrx_word' id='word_1_144' title='bbox 830 2305 1048 2392; x_wconf 83' lang='lat' dir='ltr'>justitialiter</span> <span class='ocrx_word' id='word_1_145' title='bbox 1070 2313 1124 2376; x_wconf 91' lang='lat' dir='ltr'>est</span> <span class='ocrx_word' id='word_1_146' title='bbox 1143 2310 1313 2378; x_wconf 87' lang='lat' dir='ltr'>devoluta.</span> 
     </span>
    </p>
   </div>
   <div class='ocr_carea' id='block_1_4' title="bbox 135 2477 1357 3501">
    <p class='ocr_par' dir='ltr' id='par_1_5' title="bbox 135 2477 1357 3501">
     <span class='ocr_line' id='line_1_19' title="bbox 178 2477 1357 2567; baseline 0.008 -27"><span class='ocrx_word' id='word_1_147' title='bbox 178 2517 180 2520; x_wconf 95' lang='lat'>-</span> <span class='ocrx_word' id='word_1_148' title='bbox 264 2477 612 2549; x_wconf 64' lang='lat' dir='ltr'>comminaturus</span> <span class='ocrx_word' id='word_1_149' title='bbox 622 2480 775 2564; x_wconf 76' lang='lat' dir='ltr'>portione</span> <span class='ocrx_word' id='word_1_150' title='bbox 787 2489 817 2544; x_wconf 83' lang='lat' dir='ltr'>et</span> <span class='ocrx_word' id='word_1_151' title='bbox 828 2480 914 2565; x_wconf 78' lang='lat' dir='ltr'>quod</span> <span class='ocrx_word' id='word_1_152' title='bbox 923 2481 1054 2545; x_wconf 74' lang='lat' dir='ltr'>heredes</span> <span class='ocrx_word' id='word_1_153' title='bbox 1065 2480 1175 2546; x_wconf 78' lang='lat' dir='ltr'>dedita</span> <span class='ocrx_word' id='word_1_154' title='bbox 1182 2493 1357 2567; x_wconf 80' lang='lat' dir='ltr'>pareutum</span> 
     </span>
     <span class='ocr_line' id='line_1_20' title="bbox 135 2582 1357 2667; baseline 0.009 -21"><span class='ocrx_word' id='word_1_155' title='bbox 135 2582 280 2648; x_wconf 68' lang='lat' dir='ltr'>euicere</span> <span class='ocrx_word' id='word_1_156' title='bbox 301 2589 455 2650; x_wconf 68' lang='lat' dir='ltr'>macerer.</span> <span class='ocrx_word' id='word_1_157' title='bbox 489 2583 642 2652; x_wconf 81' lang='lat' dir='ltr'>Heredes</span> <span class='ocrx_word' id='word_1_158' title='bbox 674 2587 764 2652; x_wconf 87' lang='lat' dir='ltr'>bona</span> <span class='ocrx_word' id='word_1_159' title='bbox 796 2589 973 2667; x_wconf 86' lang='lat' dir='ltr'>parentum</span> <span class='ocrx_word' id='word_1_160' title='bbox 1007 2586 1219 2667; x_wconf 83' lang='lat' dir='ltr'>possidentes</span> <span class='ocrx_word' id='word_1_161' title='bbox 1241 2589 1357 2657; x_wconf 86' lang='lat' dir='ltr'>debita</span> 
     </span>
     <span class='ocr_line' id='line_1_21' title="bbox 145 2687 1356 2774; baseline 0.005 -20"><span class='ocrx_word' id='word_1_162' title='bbox 145 2705 216 2770; x_wconf 86' lang='lat' dir='ltr'>per</span> <span class='ocrx_word' id='word_1_163' title='bbox 241 2687 384 2772; x_wconf 87' lang='lat' dir='ltr'>eosdem,</span> <span class='ocrx_word' id='word_1_164' title='bbox 407 2688 484 2754; x_wconf 89' lang='lat' dir='ltr'>dum</span> <span class='ocrx_word' id='word_1_165' title='bbox 506 2687 674 2774; x_wconf 87' lang='lat' dir='ltr'>viverent,</span> <span class='ocrx_word' id='word_1_166' title='bbox 696 2695 883 2771; x_wconf 83' lang='lat' dir='ltr'>contrecta,</span> <span class='ocrx_word' id='word_1_167' title='bbox 906 2696 1086 2771; x_wconf 84' lang='lat' dir='ltr'>antequam</span> <span class='ocrx_word' id='word_1_168' title='bbox 1110 2693 1197 2758; x_wconf 86' lang='lat' dir='ltr'>bona</span> <span class='ocrx_word' id='word_1_169' title='bbox 1213 2691 1304 2760; x_wconf 88' lang='lat' dir='ltr'>inter</span> <span class='ocrx_word' id='word_1_170' title='bbox 1318 2712 1356 2760; x_wconf 87' lang='lat' dir='ltr'>ss</span> 
     </span>
     <span class='ocr_line' id='line_1_22' title="bbox 140 2790 1355 2877; baseline 0.005 -19"><span class='ocrx_word' id='word_1_171' title='bbox 140 2790 364 2873; x_wconf 87' lang='lat' dir='ltr'>dividantur,</span> <span class='ocrx_word' id='word_1_172' title='bbox 398 2791 530 2860; x_wconf 88' lang='lat' dir='ltr'>solvere</span> <span class='ocrx_word' id='word_1_173' title='bbox 568 2795 730 2862; x_wconf 87' lang='lat' dir='ltr'>tenentur</span> <span class='ocrx_word' id='word_1_174' title='bbox 774 2793 815 2860; x_wconf 90' lang='lat' dir='ltr'>In</span> <span class='ocrx_word' id='word_1_175' title='bbox 852 2794 1016 2861; x_wconf 88' lang='lat' dir='ltr'>communi</span> <span class='ocrx_word' id='word_1_176' title='bbox 1054 2795 1140 2862; x_wconf 91' lang='lat' dir='ltr'>enim</span> <span class='ocrx_word' id='word_1_177' title='bbox 1178 2799 1355 2877; x_wconf 89' lang='lat' dir='ltr'>proverbio</span> 
     </span>
     <span class='ocr_line' id='line_1_23' title="bbox 140 2895 1354 2982; baseline 0.006 -20"><span class='ocrx_word' id='word_1_178' title='bbox 140 2895 294 2978; x_wconf 82' lang='lat' dir='ltr'>dicitur,</span> <span class='ocrx_word' id='word_1_179' title='bbox 315 2898 404 2977; x_wconf 80' lang='lat' dir='ltr'>quud</span> <span class='ocrx_word' id='word_1_180' title='bbox 426 2897 611 2964; x_wconf 76' lang='lat' dir='ltr'>creditores</span> <span class='ocrx_word' id='word_1_181' title='bbox 635 2897 907 2982; x_wconf 84' lang='lat' dir='ltr'>propinquissimi</span> <span class='ocrx_word' id='word_1_182' title='bbox 929 2905 1008 2965; x_wconf 90' lang='lat' dir='ltr'>sunt</span> <span class='ocrx_word' id='word_1_183' title='bbox 1029 2899 1182 2966; x_wconf 85' lang='lat' dir='ltr'>heredes.</span> <span class='ocrx_word' id='word_1_184' title='bbox 1214 2899 1251 2966; x_wconf 86' lang='lat' dir='ltr'>Si</span> <span class='ocrx_word' id='word_1_185' title='bbox 1274 2920 1354 2969; x_wconf 91' lang='lat' dir='ltr'>vero</span> 
     </span>
     <span class='ocr_line' id='line_1_24' title="bbox 143 3000 1355 3085; baseline 0.007 -19"><span class='ocrx_word' id='word_1_186' title='bbox 143 3019 218 3085; x_wconf 79' lang='lat' dir='ltr'>pro</span> <span class='ocrx_word' id='word_1_187' title='bbox 242 3000 334 3068; x_wconf 85' lang='lat' dir='ltr'>dicta</span> <span class='ocrx_word' id='word_1_188' title='bbox 356 3000 511 3072; x_wconf 84' lang='lat' dir='ltr'>facienda</span> <span class='ocrx_word' id='word_1_189' title='bbox 528 3003 692 3070; x_wconf 89' lang='lat' dir='ltr'>solutione</span> <span class='ocrx_word' id='word_1_190' title='bbox 710 3001 860 3084; x_wconf 84' lang='lat' dir='ltr'>plenarie</span> <span class='ocrx_word' id='word_1_191' title='bbox 873 3005 959 3070; x_wconf 88' lang='lat' dir='ltr'>buna</span> <span class='ocrx_word' id='word_1_192' title='bbox 972 3021 1031 3084; x_wconf 89' lang='lat' dir='ltr'>per</span> <span class='ocrx_word' id='word_1_193' title='bbox 1042 3009 1201 3084; x_wconf 85' lang='lat' dir='ltr'>parentes</span> <span class='ocrx_word' id='word_1_194' title='bbox 1217 3005 1355 3074; x_wconf 77' lang='lat' dir='ltr'>dimissu</span> 
     </span>
     <span class='ocr_line' id='line_1_25' title="bbox 145 3103 1356 3191; baseline 0.004 -19"><span class='ocrx_word' id='word_1_195' title='bbox 145 3123 221 3172; x_wconf 82' lang='lat' dir='ltr'>non</span> <span class='ocrx_word' id='word_1_196' title='bbox 258 3103 436 3189; x_wconf 83' lang='lat' dir='ltr'>sufficiant,</span> <span class='ocrx_word' id='word_1_197' title='bbox 474 3123 541 3174; x_wconf 93' lang='lat' dir='ltr'>non</span> <span class='ocrx_word' id='word_1_198' title='bbox 578 3110 721 3191; x_wconf 86' lang='lat' dir='ltr'>oportet,</span> <span class='ocrx_word' id='word_1_199' title='bbox 757 3108 846 3188; x_wconf 88' lang='lat' dir='ltr'>quod</span> <span class='ocrx_word' id='word_1_200' title='bbox 883 3107 1024 3174; x_wconf 86' lang='lat' dir='ltr'>heredes</span> <span class='ocrx_word' id='word_1_201' title='bbox 1058 3111 1101 3175; x_wconf 80' lang='lat' dir='ltr'>sd</span> <span class='ocrx_word' id='word_1_202' title='bbox 1134 3109 1356 3190; x_wconf 84' lang='lat' dir='ltr'>supplendum</span> 
     </span>
     <span class='ocr_line' id='line_1_26' title="bbox 142 3209 1353 3294; baseline 0.004 -18"><span class='ocrx_word' id='word_1_203' title='bbox 142 3209 324 3276; x_wconf 86' lang='lat' dir='ltr'>defectum</span> <span class='ocrx_word' id='word_1_204' title='bbox 347 3211 434 3277; x_wconf 87' lang='lat' dir='ltr'>bona</span> <span class='ocrx_word' id='word_1_205' title='bbox 456 3211 593 3292; x_wconf 86' lang='lat' dir='ltr'>propria</span> <span class='ocrx_word' id='word_1_206' title='bbox 615 3210 816 3294; x_wconf 86' lang='lat' dir='ltr'>impendunt,</span> <span class='ocrx_word' id='word_1_207' title='bbox 841 3212 906 3278; x_wconf 90' lang='lat' dir='ltr'>nisi</span> <span class='ocrx_word' id='word_1_208' title='bbox 929 3212 992 3279; x_wconf 89' lang='lat' dir='ltr'>hoc</span> <span class='ocrx_word' id='word_1_209' title='bbox 1008 3211 1121 3280; x_wconf 84' lang='lat' dir='ltr'>fecere</span> <span class='ocrx_word' id='word_1_210' title='bbox 1137 3215 1353 3283; x_wconf 74' lang='lat' dir='ltr'>decreverint</span> 
     </span>
     <span class='ocr_line' id='line_1_27' title="bbox 142 3313 1352 3402; baseline 0.004 -20"><span class='ocrx_word' id='word_1_211' title='bbox 142 3333 197 3382; x_wconf 81' lang='lat' dir='ltr'>ex</span> <span class='ocrx_word' id='word_1_212' title='bbox 220 3313 358 3396; x_wconf 85' lang='lat' dir='ltr'>pietate.</span> <span class='ocrx_word' id='word_1_213' title='bbox 380 3315 410 3382; x_wconf 82' lang='grc' dir='ltr'>Ε</span> <span class='ocrx_word' id='word_1_214' title='bbox 434 3331 595 3382; x_wconf 88' lang='lat' dir='ltr'>converso</span> <span class='ocrx_word' id='word_1_215' title='bbox 618 3315 720 3383; x_wconf 78' lang='lat' dir='ltr'>etium</span> <span class='ocrx_word' id='word_1_216' title='bbox 754 3317 924 3384; x_wconf 84' lang='lat' dir='ltr'>debitores</span> <span class='ocrx_word' id='word_1_217' title='bbox 948 3319 1120 3402; x_wconf 82' lang='lat' dir='ltr'>pagubnnt</span> <span class='ocrx_word' id='word_1_218' title='bbox 1142 3318 1285 3386; x_wconf 86' lang='lat' dir='ltr'>heredes</span> <span class='ocrx_word' id='word_1_219' title='bbox 1310 3322 1352 3388; x_wconf 92' lang='lat' dir='ltr'>de</span> 
     </span>
     <span class='ocr_line' id='line_1_28' title="bbox 142 3417 943 3501; baseline 0.001 -15"><span class='ocrx_word' id='word_1_220' title='bbox 142 3418 288 3501; x_wconf 81' lang='lat' dir='ltr'>debitis,</span> <span class='ocrx_word' id='word_1_221' title='bbox 311 3417 488 3500; x_wconf 88' lang='lat' dir='ltr'>inquibus</span> <span class='ocrx_word' id='word_1_222' title='bbox 511 3420 707 3500; x_wconf 81' lang='lat' dir='ltr'>parentibus</span> <span class='ocrx_word' id='word_1_223' title='bbox 731 3424 943 3489; x_wconf 85' lang='lat' dir='ltr'>tenebuntur.</span> 
     </span>
    </p>
   </div>
   <div class='ocr_carea' id='block_1_5' title="bbox 144 3591 1351 4410">
    <p class='ocr_par' dir='ltr' id='par_1_6' title="bbox 144 3591 1351 4410">
     <span class='ocr_line' id='line_1_29' title="bbox 259 3591 1351 3667; baseline 0.009 -11"><span class='ocrx_word' id='word_1_224' title='bbox 259 3591 332 3660; x_wconf 84' lang='lat'><strong><em>363.</em></strong></span> <span class='ocrx_word' id='word_1_225' title='bbox 368 3591 419 3658; x_wconf 91' lang='lat' dir='ltr'>De</span> <span class='ocrx_word' id='word_1_226' title='bbox 455 3591 648 3658; x_wconf 75' lang='lat' dir='ltr'>hereditatis</span> <span class='ocrx_word' id='word_1_227' title='bbox 685 3593 929 3664; x_wconf 76' lang='lat' dir='ltr'>ratihabitione.</span> <span class='ocrx_word' id='word_1_228' title='bbox 966 3595 1178 3664; x_wconf 77' lang='lat' dir='ltr'>Hereditatis</span> <span class='ocrx_word' id='word_1_229' title='bbox 1212 3599 1267 3664; x_wconf 86' lang='lat' dir='ltr'>vel</span> <span class='ocrx_word' id='word_1_230' title='bbox 1301 3601 1351 3667; x_wconf 81' lang='lat' dir='ltr'>rei</span> 
     </span>
     <span class='ocr_line' id='line_1_30' title="bbox 144 3692 1351 3787; baseline 0.002 -23"><span class='ocrx_word' id='word_1_231' title='bbox 144 3692 295 3764; x_wconf 80' lang='lat' dir='ltr'>alterius</span> <span class='ocrx_word' id='word_1_232' title='bbox 307 3695 457 3765; x_wconf 85' lang='lat' dir='ltr'>venditio</span> <span class='ocrx_word' id='word_1_233' title='bbox 470 3697 524 3764; x_wconf 91' lang='lat' dir='ltr'>vel</span> <span class='ocrx_word' id='word_1_234' title='bbox 538 3698 671 3782; x_wconf 89' lang='lat' dir='ltr'>emptio,</span> <span class='ocrx_word' id='word_1_235' title='bbox 684 3705 862 3782; x_wconf 87' lang='lat' dir='ltr'>postquam</span> <span class='ocrx_word' id='word_1_236' title='bbox 876 3699 1025 3786; x_wconf 85' lang='lat' dir='ltr'>legitime</span> <span class='ocrx_word' id='word_1_237' title='bbox 1039 3701 1204 3782; x_wconf 87' lang='lat' dir='ltr'>completa</span> <span class='ocrx_word' id='word_1_238' title='bbox 1214 3701 1351 3787; x_wconf 86' lang='lat' dir='ltr'>fuerint,</span> 
     </span>
     <span class='ocr_line' id='line_1_31' title="bbox 144 3800 1350 3888; baseline 0.006 -20"><span class='ocrx_word' id='word_1_239' title='bbox 144 3800 283 3869; x_wconf 82' lang='lat' dir='ltr'>irritari</span> <span class='ocrx_word' id='word_1_240' title='bbox 305 3820 371 3869; x_wconf 92' lang='lat' dir='ltr'>non</span> <span class='ocrx_word' id='word_1_241' title='bbox 393 3804 525 3870; x_wconf 86' lang='lat' dir='ltr'>debent.</span> <span class='ocrx_word' id='word_1_242' title='bbox 556 3802 598 3869; x_wconf 92' lang='lat' dir='ltr'>In</span> <span class='ocrx_word' id='word_1_243' title='bbox 624 3803 762 3882; x_wconf 83' lang='lat' dir='ltr'>Juribus</span> <span class='ocrx_word' id='word_1_244' title='bbox 798 3806 885 3872; x_wconf 89' lang='lat' dir='ltr'>enim</span> <span class='ocrx_word' id='word_1_245' title='bbox 919 3803 1146 3888; x_wconf 78' lang='lat' dir='ltr'>Originalibns</span> <span class='ocrx_word' id='word_1_246' title='bbox 1173 3805 1350 3875; x_wconf 89' lang='lat' dir='ltr'>scribitur:</span> 
     </span>
     <span class='ocr_line' id='line_1_32' title="bbox 148 3903 1350 3993; baseline 0.005 -22"><span class='ocrx_word' id='word_1_247' title='bbox 148 3903 230 3990; x_wconf 79' lang='lat' dir='ltr'>,Sic</span> <span class='ocrx_word' id='word_1_248' title='bbox 255 3907 464 3974; x_wconf 90' lang='lat' dir='ltr'>decrevimus</span> <span class='ocrx_word' id='word_1_249' title='bbox 503 3907 613 3991; x_wconf 84' lang='lat' dir='ltr'>etiem,</span> <span class='ocrx_word' id='word_1_250' title='bbox 648 3915 686 3975; x_wconf 93' lang='lat' dir='ltr'>ut</span> <span class='ocrx_word' id='word_1_251' title='bbox 718 3909 754 3975; x_wconf 91' lang='lat' dir='ltr'>in</span> <span class='ocrx_word' id='word_1_252' title='bbox 788 3908 929 3977; x_wconf 87' lang='lat' dir='ltr'>civitate</span> <span class='ocrx_word' id='word_1_253' title='bbox 963 3910 1189 3993; x_wconf 84' lang='lat' dir='ltr'>proprietates</span> <span class='ocrx_word' id='word_1_254' title='bbox 1223 3911 1350 3979; x_wconf 91' lang='lat' dir='ltr'>habens</span> 
     </span>
     <span class='ocr_line' id='line_1_33' title="bbox 144 4012 1349 4100; baseline 0.002 -20"><span class='ocrx_word' id='word_1_255' title='bbox 144 4012 261 4093; x_wconf 83' lang='lat' dir='ltr'>possit</span> <span class='ocrx_word' id='word_1_256' title='bbox 276 4012 410 4078; x_wconf 88' lang='lat' dir='ltr'>easdem</span> <span class='ocrx_word' id='word_1_257' title='bbox 426 4015 572 4081; x_wconf 89' lang='lat' dir='ltr'>vendere</span> <span class='ocrx_word' id='word_1_258' title='bbox 588 4016 715 4094; x_wconf 86' lang='lat' dir='ltr'>ebsqne</span> <span class='ocrx_word' id='word_1_259' title='bbox 731 4014 967 4096; x_wconf 89' lang='lat' dir='ltr'>impedimento</span> <span class='ocrx_word' id='word_1_260' title='bbox 983 4014 1161 4098; x_wconf 88' lang='lat' dir='ltr'>cujuslibet</span> <span class='ocrx_word' id='word_1_261' title='bbox 1177 4033 1349 4100; x_wconf 90' lang='lat' dir='ltr'>personae,</span> 
     </span>
     <span class='ocr_line' id='line_1_34' title="bbox 144 4115 1349 4203; baseline 0.003 -21"><span class='ocrx_word' id='word_1_262' title='bbox 144 4115 358 4184; x_wconf 52' lang='lat' dir='ltr'>‘necessitate</span> <span class='ocrx_word' id='word_1_263' title='bbox 382 4119 550 4200; x_wconf 67' lang='lat' dir='ltr'>cogenter</span> <span class='ocrx_word' id='word_1_264' title='bbox 588 4118 747 4203; x_wconf 69' lang='lat' dir='ltr'>Quande</span> <span class='ocrx_word' id='word_1_265' title='bbox 770 4117 804 4184; x_wconf 90' lang='lat' dir='ltr'>in</span> <span class='ocrx_word' id='word_1_266' title='bbox 828 4118 1025 4186; x_wconf 86' lang='lat' dir='ltr'>civitatibus</span> <span class='ocrx_word' id='word_1_267' title='bbox 1058 4121 1256 4200; x_wconf 85' lang='lat' dir='ltr'>quandoque</span> <span class='ocrx_word' id='word_1_268' title='bbox 1289 4120 1349 4187; x_wconf 83' lang='lat' dir='ltr'>fiat</span> 
     </span>
     <span class='ocr_line' id='line_1_35' title="bbox 145 4221 1350 4306; baseline 0.001 -18"><span class='ocrx_word' id='word_1_269' title='bbox 145 4239 195 4288; x_wconf 84' lang='lat' dir='ltr'>ex</span> <span class='ocrx_word' id='word_1_270' title='bbox 218 4222 469 4298; x_wconf 87' lang='lat' dir='ltr'>consuetudine,</span> <span class='ocrx_word' id='word_1_271' title='bbox 491 4224 583 4304; x_wconf 88' lang='lat' dir='ltr'>quod.</span> <span class='ocrx_word' id='word_1_272' title='bbox 595 4221 798 4304; x_wconf 87' lang='lat' dir='ltr'>propinquus</span> <span class='ocrx_word' id='word_1_273' title='bbox 830 4222 1017 4291; x_wconf 87' lang='lat' dir='ltr'>venditoris</span> <span class='ocrx_word' id='word_1_274' title='bbox 1039 4228 1221 4306; x_wconf 88' lang='lat' dir='ltr'>emptorem</span> <span class='ocrx_word' id='word_1_275' title='bbox 1243 4225 1350 4306; x_wconf 89' lang='lat' dir='ltr'>modo,</span> 
     </span>
     <span class='ocr_line' id='line_1_36' title="bbox 146 4325 1010 4410; baseline -0.002 -18"><span class='ocrx_word' id='word_1_276' title='bbox 146 4325 210 4410; x_wconf 70' lang='lat' dir='ltr'>uei</span> <span class='ocrx_word' id='word_1_277' title='bbox 233 4325 360 4394; x_wconf 84' lang='lat' dir='ltr'>dicitur</span> <span class='ocrx_word' id='word_1_278' title='bbox 383 4327 636 4410; x_wconf 82' lang='lat' dir='ltr'>,ubschuttcn‘¹,</span> <span class='ocrx_word' id='word_1_279' title='bbox 659 4327 802 4409; x_wconf 82' lang='lat' dir='ltr'>repellat</span> <span class='ocrx_word' id='word_1_280' title='bbox 824 4331 866 4395; x_wconf 85' lang='lat' dir='ltr'>ab</span> <span class='ocrx_word' id='word_1_281' title='bbox 890 4335 1010 4410; x_wconf 90' lang='lat' dir='ltr'>empto.</span> 
     </span>
    </p>
   </div>
   <div class='ocr_carea' id='block_1_6' title="bbox 0 0 1645 5009">
    <p class='ocr_par' dir='ltr' id='par_1_7' title="bbox 0 0 1645 5009">
     <span class='ocr_line' id='line_1_37' title="bbox 0 0 1645 5009; baseline 0 0"><span class='ocrx_word' id='word_1_282' title='bbox 0 0 1645 5009; x_wconf 95' lang='lat' dir='ltr'> </span> 
     </span>
    </p>
   </div>
  </div>
 </body>
</html>
