3275 5009
1376 333 1711 387 Brunenses.
2633 334 2737 385 267

547 546 700 609 701.
750 541 936 615 Quod
996 540 1432 605 testimonium
1492 539 1807 624 lonqioris
1871 541 2182 624 temporis
2241 550 2337 604 est
2382 539 2731 623 efficacius.

322 648 372 715 J
373 666 458 713 us
507 647 868 729 antiquum
923 647 1145 729 babet,
1209 646 1381 727 quod
1428 663 1576 712 cum
1622 643 1851 728 agitur
1895 645 1977 710 de
2024 644 2221 711 metis
2279 648 2350 712 et
2407 643 2733 711 limitibus

322 770 654 835 agrorum
699 770 818 819 seu
864 751 1084 817 causis
1132 749 1603 832 consimilibus,
1651 748 1994 828 potissime
2044 786 2126 797 —-
2171 768 2256 815 ex
2296 750 2734 830 consequenti

320 874 488 922 vero
542 874 697 922 cum
741 855 971 939 agitur
1014 856 1097 920 de
1143 854 1697 937 possessionibus
1730 853 2290 920 artestationibus
2325 852 2433 919 vel
2463 855 2735 934 quibus-

322 978 624 1041 cumque
656 961 1130 1041 contractibus
1163 964 1325 1023 tunc
1358 956 1840 1024 validissimum
1874 963 1981 1023 est
2012 957 2485 1039 testimonium,
2517 959 2734 1041 cujus-

321 1081 621 1144 cumque
683 1063 896 1145 partis
949 1063 1175 1144 fuerit,
1237 1063 1410 1141 quod
1471 1062 1868 1142 antiquioris
1928 1062 2249 1143 temporis
2310 1069 2732 1128 memoratur.

546 1224 721 1301 702„
795 1223 936 1286 703.
1019 1221 1113 1283 De
1180 1220 1450 1284 testibus
1521 1230 1830 1304 quantum
1896 1221 1985 1284 ad
2061 1230 2311 1303 tempus
2382 1228 2442 1282 et
2502 1217 2727 1285 locum.

319 1325 396 1392 Si
466 1329 674 1393 actor
739 1323 1005 1407 impetit
1069 1343 1274 1401 reum,
1342 1326 1515 1405 quod
1584 1323 1695 1391 die
1755 1323 1882 1389 tali
1941 1323 2049 1391 vel
2110 1324 2277 1389 hora
2322 1323 2445 1390 tali
2490 1323 2730 1404 positis

317 1430 604 1496 insidiis
653 1431 719 1496 in
766 1431 889 1496 tali
933 1432 1078 1497 loco
1123 1429 1339 1512 ipsum
1382 1430 1530 1522 vita
1574 1448 1695 1495 sua
1743 1429 2051 1511 privasse
2095 1428 2404 1512 voluerit,
2467 1432 2548 1496 de
2603 1447 2731 1510 quo

317 1552 476 1600 eum
527 1534 917 1600 testimonio
964 1533 1135 1600 velit
1178 1534 1450 1602 vincere
1481 1535 1611 1600 fide
1646 1535 1880 1616 digno;
1928 1552 2083 1599 reus
2117 1552 2278 1599 vero
2310 1536 2736 1618 respondeat,

319 1641 505 1718 quod
559 1639 671 1705 die
719 1643 790 1706 et
832 1639 998 1704 hora
1043 1639 1394 1719 praedicta
1439 1657 1572 1704 non
1605 1637 1674 1704 in
1708 1639 1869 1722 loco,
1902 1656 2091 1717 quem
2126 1644 2319 1704 actor
2348 1638 2732 1722 nominavit,

319 1745 449 1808 sed
505 1747 580 1810 in
624 1744 774 1826 alio,
837 1750 1001 1824 puta
1046 1745 1115 1811 in
1160 1743 1385 1824 aliqua
1445 1742 1729 1810 civitate
1789 1742 1897 1810 vel
1961 1742 2031 1810 in
2092 1742 2315 1822 aliqua
2376 1741 2509 1809 alia
2570 1743 2735 1809 villa

317 1845 564 1930 fuerit,
615 1849 787 1926 quod
850 1847 1017 1914 velit
1071 1849 1428 1913 ostendere
1474 1847 1857 1912 testimonio
1920 1845 2278 1912 sufficienti
2339 1845 2515 1911 illius
2569 1845 2733 1910 loci:

321 1950 394 2015 in
418 1953 556 2018 tali
587 1969 747 2018 casu
773 1960 880 2017 est
907 1951 1358 2018 testimonium
1383 1951 1484 2018 rei
1506 1951 1757 2017 actoris
1791 1950 2169 2017 testimonio
2203 1949 2729 2031 praeferendum.

322 2055 419 2121 Et
471 2056 792 2122 similiter
837 2054 1260 2138 intelligatur
1305 2057 1388 2121 de
1435 2054 1655 2121 causis
1703 2055 1854 2120 aliis
1900 2074 2019 2120 suo
2067 2057 2275 2120 modo.

550 2178 621 2244 Si
666 2183 882 2245 testes
945 2178 1395 2258 deposuerint,
1456 2181 1629 2258 quod
1680 2178 1945 2247 divisim
1990 2177 2403 2258 temporibus
2450 2181 2521 2242 et
2565 2175 2731 2242 locis

326 2280 632 2348 diversis
680 2284 760 2348 de
808 2300 1033 2364 causa,
1081 2300 1248 2361 quae
1296 2282 1474 2348 inter
1518 2287 1750 2363 partes
1805 2281 2241 2361 ventilantur,
2304 2281 2401 2346 eis
2448 2285 2737 2365 constet,

325 2385 688 2452 dummodo
735 2386 804 2451 in
851 2387 1237 2466 deponendo
1286 2388 1727 2451 concordent:
1788 2384 2079 2467 ipsorum
2126 2384 2576 2450 testimonium
2625 2390 2734 2450 est

325 2493 681 2571 tamquam
726 2490 965 2557 efficax
1009 2491 1510 2556 admittendum.

554 2649 695 2711 704.
744 2645 928 2717 Quod
974 2648 1242 2710 testibus
1290 2669 1372 2711 em
1418 2669 1620 2711 causa
1668 2647 1957 2732 beqitima
2004 2657 2097 2710 est
2129 2648 2439 2709 terminus
2459 2647 2737 2731 prolon-

329 2754 623 2833 9andus.
701 2752 1018 2818 Testibus
1088 2771 1170 2818 ex
1231 2751 1701 2834 impedimento
1765 2752 2064 2836 legitimo
2134 2771 2255 2818 seu
2324 2752 2735 2818 necessitate

333 2855 722 2923 inevitabili
772 2857 878 2921 die
929 2856 1221 2936 praefixo
1269 2874 1657 2938 comparere
1702 2875 1833 2921 non
1879 2856 2278 2938 valentibuS,
2341 2857 2485 2922 sine
2547 2875 2735 2938 prae-

322 2960 589 3043 judicio
638 2961 852 3042 partis
901 2965 1006 3025 est
1052 2961 1375 3025 terminus
1425 2960 1744 3042 prolixior
1788 2961 2259 3043 assignandus.

562 3119 703 3181 705.
751 3117 935 3189 Quod
983 3125 1171 3179 testes
1225 3138 1356 3200 per
1407 3119 1701 3200 judicem
1766 3127 1916 3179 sunt
1985 3115 2423 3198 compellendi.
2496 3117 2737 3183 Testes

338 3222 668 3288 nominati
716 3226 784 3287 et
831 3222 1192 3304 statuendi,
1239 3221 1298 3287 si
1347 3223 1588 3306 gratia,
1636 3222 1803 3306 odio,
1842 3222 2077 3288 timore
2111 3223 2219 3288 vel
2252 3221 2384 3287 alia
2417 3224 2497 3287 de
2531 3240 2741 3287 causa

341 3343 417 3391 se
466 3327 980 3392 absentaverint
1041 3345 1159 3392 seu
1215 3346 1598 3408 comparere
1662 3327 2013 3409 noluerint,
2080 3329 2165 3392 ad
2227 3345 2461 3407 preces
2526 3326 2737 3407 partis

343 3437 506 3495 sunt
581 3448 702 3510 per
767 3429 1075 3514 judicem,
1165 3435 1339 3511 quod
1431 3431 1708 3497 veritati
1799 3432 2245 3498 testimonium
2322 3431 2740 3514 perhibeant,

345 3534 802 3617 compellendi.

561 3675 704 3737 706.
753 3671 939 3745 Quod
986 3683 1173 3736 testes
1221 3697 1340 3760 per
1368 3675 1662 3759 judicem
1705 3694 1831 3737 non
1877 3685 2027 3737 sunt
2073 3672 2448 3757 repellendi.
2499 3673 2739 3740 Testes

349 3776 600 3843 debent
659 3796 809 3844 esse
874 3777 1094 3844 idonei
1154 3780 1215 3844 h.
1281 3797 1334 3847 e.
1394 3783 1585 3860 tales,
1653 3781 1822 3859 quod
1894 3797 2014 3860 per
2083 3779 2540 3859 exceptionem
2608 3798 2740 3845 non

351 3883 612 3959 possint
657 3902 697 3947 a
742 3884 1126 3948 testimonio
1173 3884 1424 3964 repelli.
1473 3885 1770 3967 Quilibet
1803 3890 2025 3948 autem
2060 3891 2414 3964 reputatur
2444 3885 2741 3966 idoneus,

353 3985 437 4051 de
484 4005 609 4067 quo
657 4004 788 4051 non
835 3990 1159 4068 probatur
1206 3990 1627 4054 contrarium.
1694 3989 1887 4054 Unde
1949 3990 2239 4052 edictum
2304 3990 2385 4054 de
2448 3988 2742 4053 testibus

354 4095 462 4155 est
506 4091 1035 4176 prohibitorium,
1079 4094 1176 4158 ita
1223 4096 1394 4173 quod
1442 4094 1724 4172 quilibet
1769 4094 2169 4175 admittitur,
2217 4094 2491 4173 quinon
2524 4093 2738 4173 prohi-

354 4194 555 4260 betur
599 4214 718 4262 seu
764 4198 1130 4278 repellitur.
1177 4198 1308 4263 Sed
1355 4200 1509 4263 talis
1557 4198 1851 4279 repulsio
1901 4206 2006 4264 est
2050 4217 2166 4279 per
2198 4206 2476 4281 partem,
2509 4205 2578 4265 et
2609 4215 2742 4264 non

358 4316 476 4378 per
512 4301 801 4382 judicem
840 4300 1164 4367 facienda.
