3275 5009
69 927 76 1125 --„„5‚.7„
69 786 82 848 ⁴⁴⁴

71 2400 84 2457 ἢ*

76 3229 81 3239 “
71 2458 103 3209 f—v-WQ,-w

1356 372 1690 428 Brunenses
2621 379 2722 429 287

329 587 550 646 certus
595 583 739 662 fuit,
795 584 905 649 vel
966 584 1203 649 saltem
1265 585 1377 649 illo
1436 592 1756 666 tempore,
1818 586 2079 663 quando
2146 603 2306 650 cum,
2342 584 2705 650 christiano

325 685 555 749 habuit
612 687 933 753 rationem
1002 707 1116 767 pro
1177 707 1395 753 usura.
1466 691 1770 758 Valorem
1831 696 2054 755 autem
2118 689 2415 772 pignoris
2478 689 2709 753 amissi
2815 725 2824 734 -

325 790 744 868 christianus⁷
808 792 865 857 si
926 795 1010 858 de
1069 794 1193 859 hoc
1257 799 1471 859 testes
1537 796 1792 861 habere
1855 813 1983 859 non
2047 798 2288 875 potest,
2355 812 2475 857 suo
2530 794 2711 877 jura-

325 901 541 959 mento
611 896 1041 963 confirmabit.
1109 898 1200 961 Et
1266 900 1562 964 trahitur
1624 898 1761 965 ista
1833 899 2167 963 sententia
2218 916 2303 963 ex
2351 897 2712 979 Privilegio

320 997 724 1080 judaeorum,
765 1002 876 1065 ubi
914 1001 1231 1067 scribitur
1282 1004 1407 1068 sic:
1460 1005 1691 1085 „Item,
1727 1004 1783 1068 si
1825 1009 1943 1068 aut
1985 1021 2104 1083 per
2144 1021 2367 1068 casum
2408 1000 2719 1083 incendii,

322 1109 434 1167 aut
503 1121 623 1184 per
690 1102 953 1181 furtum,
1021 1110 1139 1169 aut
1206 1125 1328 1186 per
1390 1108 1520 1172 vim
1587 1127 1697 1172 res
1763 1126 1918 1173 suas
1989 1125 2132 1172 cum
2203 1107 2517 1189 obligatis
2581 1105 2710 1170 sibi

321 1205 711 1288 pignoribus
786 1208 1085 1273 amiserit
1155 1214 1224 1273 et
1294 1212 1415 1275 hoc
1493 1212 1893 1291 constiterit,
1964 1220 2031 1275 et
2100 1211 2524 1289 christianuS‚
2599 1209 2711 1287 qui

319 1311 439 1376 hoc
474 1312 901 1394 obligaverit,
962 1314 1430 1380 nichilominus
1480 1333 1624 1380 eum
1674 1316 1966 1396 impetit:
2009 1317 2293 1398 judaeus
2333 1316 2711 1398 juramento

319 1416 589 1497 proprio
638 1435 710 1481 se
758 1418 1125 1484 absolvet“.
1172 1419 1351 1484 Ecce
1400 1438 1520 1500 per
1560 1422 1702 1498 hoc,
1736 1424 1908 1498 quod
1943 1409 2185 1484 dicitur
2224 1417 2708 1499 ‚‚constiterit“‚

317 1516 527 1599 patet,
601 1522 773 1599 quod
842 1521 1109 1586 amissio
1184 1523 1479 1605 pignoris
1566 1526 1768 1587 debet
1847 1523 2173 1604 publicari
2253 1528 2320 1587 et
2399 1541 2528 1586 non
2594 1525 2716 1588 sub

316 1622 587 1689 silentio
643 1624 835 1690 tueri.
906 1626 1098 1690 Unde
1147 1628 1504 1691 notandum
1569 1634 1695 1706 est,
1759 1629 1928 1705 quod
1976 1628 2045 1692 in
2103 1628 2349 1692 talibus
2404 1645 2712 1707 magnam

318 1727 445 1791 vim
511 1729 721 1792 habet
784 1728 898 1793 illa
956 1730 1336 1811 publicatiO,
1386 1748 1554 1809 quae
1604 1730 1974 1813 vulgariter
2036 1732 2285 1796 dicitur
2345 1730 2710 1810 „vrkund“‚

317 1832 471 1909 quia
526 1831 973 1913 suspicionem
1021 1833 1213 1897 tollit.

531 1971 677 2037 732.
737 1968 967 2032 Utrum
1011 1970 1248 2032 solutio
1297 1973 1363 2031 in
1401 1980 1599 2055 parte
1632 1974 1833 2055 facta
1863 1974 2108 2055 judaeo
2157 1975 2246 2034 sit
2293 1974 2361 2035 in
2408 1982 2577 2035 sorte
2620 1971 2718 2034 vel

314 2075 383 2134 in
429 2096 643 2135 usura
689 2074 1109 2157 defalcanda.
1174 2075 1245 2141 Si
1294 2076 1704 2142 christianus
1753 2078 1821 2142 in
1871 2077 2118 2142 debitis
2176 2083 2434 2158 partem
2472 2077 2714 2158 judaeo

315 2178 601 2255 dederit,
650 2184 718 2243 et
766 2186 999 2258 postea
1059 2180 1238 2245 inter
1299 2199 1411 2245 eos
1464 2182 1583 2246 fiat
1631 2182 1953 2262 quaestio,
2009 2182 2373 2247 christiano
2420 2181 2708 2262 dicente,

315 2285 491 2360 quod
517 2282 588 2345 in
615 2288 797 2346 sorte
824 2282 1007 2348 illam
1046 2290 1304 2364 partem
1338 2286 1636 2367 solverit,
1665 2288 1906 2369 judaeo
1940 2304 2099 2351 vero
2135 2292 2502 2368 asserente,
2536 2287 2708 2365 quod

314 2385 382 2450 in
413 2387 644 2452 usuris
679 2404 821 2451 eam
856 2388 1223 2468 receperit:
1257 2395 1415 2453 tunc
1449 2390 1989 2455 sententiantium
2023 2400 2127 2455 est
2161 2410 2278 2470 pro
2315 2389 2710 2469 christian03

318 2508 467 2555 cum
517 2492 689 2555 enim
736 2510 883 2556 sors
932 2493 1259 2557 debeatur
1306 2494 1387 2558 de
1427 2496 1596 2576 jure.
1642 2513 1850 2577 usura
1898 2512 2055 2559 vero
2090 2495 2180 2559 sit
2211 2494 2605 2573 accessoria,
2639 2498 2711 2557 et

315 2596 793 2673 quodammodo
841 2596 1055 2660 minus
1107 2597 1327 2663 debite
1375 2604 1664 2680 petatur,
1713 2598 1933 2678 potius
1994 2604 2098 2662 est
2142 2597 2497 2663 favendum
2545 2596 2712 2661 sorti

316 2718 514 2777 quam
565 2718 825 2781 usurae,
872 2701 1027 2777 quia
1075 2701 1275 2766 etiam
1318 2702 1466 2784 jure
1515 2702 1740 2767 divino
1795 2702 2169 2782 prohibitae
2232 2710 2386 2767 sunt
2447 2719 2711 2766 usurae.

530 2802 623 2866 Et
648 2809 871 2868 tamen
897 2804 1030 2868 ista
1062 2805 1400 2870 sententia
1432 2807 1812 2889 concordat,
1846 2809 2017 2885 quod
2054 2806 2372 2871 scribitur
2404 2806 2709 2887 superius

317 2906 383 2971 in
430 2907 703 2971 rubrica
756 2908 897 2988 „De
946 2907 1192 2972 debitis
1243 2909 1543 2973 solutis“.

3191 1935 3197 1946 ‘
3206 1870 3207 1876 ⁴
3205 1818 3207 1842 „⁴
3201 1579 3208 1772 ᾼῌᾼ-*ῌ
3205 1521 3207 1552 ..-
3192 1452 3207 1502 Ᾰᾼῗ
3195 1423 3197 1427 “
3190 1365 3197 1381 ““
3196 1322 3199 1327 -
3192 1239 3200 1257 ·’
3204 1208 3205 1216 ᾼ
3200 1181 3205 1186 .
3194 1037 3205 1067 ¹⁴„
3196 986 3205 1015 ᾼᾸ
3198 945 3205 959 -,
3204 906 3205 911 Α
