3275 5009
763 325 929 379 Sententiae

350 534 385 600 Si
423 535 498 615 quis
535 534 682 601 rusticus
720 552 812 601 arma
850 534 1046 617 portaverIt,
1093 535 1147 601 val
1185 534 1343 615 lanceam,
1388 533 1444 600 uel

243 638 406 725 gladium:
436 640 551 724 judex,
577 639 612 705 in
647 640 741 723 cnjus
775 644 947 720 potestate
977 644 1095 720 raptus
1125 638 1237 717 tuerit,
1268 639 1323 707 vel
1353 656 1446 706 arma

226 744 354 828 ·tollat,
375 746 431 812 vel
453 743 522 809 XX
543 742 667 811 solidos
691 763 711 810 a
734 743 860 809 rustico
883 761 942 825 pro
966 743 1049 826 ipsis
1068 742 1223 824 accipiat.

352 866 523 932 Mercator
535 870 647 932 autem
660 866 857 950 negotiandi
869 883 972 931 causa
984 882 1044 946 per
1056 864 1262 947 provinciam
1277 864 1447 930 transiens

247 971 397 1055 gladium
420 989 502 1037 snae
525 970 629 1037 sellae
652 970 771 1054 alliget
793 970 849 1038 val
873 972 934 1036 sub
958 968 1146 1036 vehiculum
1169 987 1265 1035 sunm
1281 974 1393 1053 ponat,
1409 973 1448 1034 nt

248 1094 314 1142 non
337 1075 549 1141 innocentem
572 1076 694 1152 laedat,
718 1076 778 1141 sed
801 1078 838 1140 nt
861 1092 882 1139 a
904 1076 1072 1156 praedone
1096 1091 1133 1139 se
1149 1071 1318 1140 defendat.
1342 1074 1446 1139 Nemo

244 1180 349 1247 etiam
372 1180 460 1246 retia
483 1197 543 1246 seu
567 1179 737 1260 quaelibet
752 1178 819 1245 alia
835 1180 1060 1245 instrumenta
1076 1179 1119 1243 ad
1135 1178 1333 1261 capiendum
1349 1196 1446 1258 quos-

247 1284 338 1366 piam
369 1285 498 1365 tendat,
532 1282 598 1348 nisi
632 1284 675 1349 ad
710 1282 877 1349 maleficos
912 1287 946 1349 et
981 1281 1171 1349 consimiles
1196 1282 1292 1366 J'ussu
1323 1281 1446 1368 judicis

246 1390 332 1457 talia
357 1395 589 1472 procurentur.
1234 1385 1236 1389 ’
1363 1378 1365 1381 ’

457 1630 700 1714 Capitulum
715 1629 815 1698 VIII:
835 1632 896 1697 De
920 1630 1236 1698 arrestatione.

351 1790 402 1858 95.
412 1788 575 1876 (recia96)
588 1786 919 1852 Daarreatatioaibae
927 1786 1243 1873 pecorum‚oeetiam,
1252 1806 1447 1870 rarumpro·

243 1890 1447 1983 priorum,alianorom‚conoaocoram,oblr'yatarom,oeaditarum,deposi-

248 2008 368 2079 tarum,
389 1996 570 2063 vectoribus
594 1997 836 2059 commissorum
853 2006 882 2059 at
897 1996 977 2061 aliia
993 2000 1029 2059 iu
1041 2018 1165 2083 ponera.
1191 1993 1377 2077 Antiquum
1391 1996 1445 2079 jus

246 2103 361 2186 habet,
378 2104 464 2184 quod
480 2102 662 2169 arrestatio
678 2100 772 2169 iacta
787 2104 829 2169 de
846 2103 949 2185 equis,
972 2102 1087 2169 vaccis
1106 2106 1142 2167 et
1157 2103 1257 2168 rebus
1272 2100 1349 2168 aliis
1365 2105 1445 2169 tem-

246 2224 327 2289 pore
343 2206 509 2290 generalis
522 2224 666 2291 guerrae
681 2209 744 2274 sub
758 2206 881 2275 vexillo
894 2226 953 2273 seu
970 2208 1100 2275 banirio
1116 2205 1277 2289 principis
1288 2204 1446 2288 receptio,

244 2328 346 2378 cassa
369 2314 423 2377 est
444 2315 480 2378 et
502 2312 603 2378 nulla.
631 2312 717 2378 Item
747 2312 934 2378 discussum
963 2316 1025 2394 est,
1054 2313 1140 2393 quod
1171 2329 1226 2378 res
1255 2308 1382 2377 domini
1411 2308 1445 2375 in

136 2503 139 2507 ι
245 2418 419 2498 potestate
442 2415 533 2480 servi
557 2434 617 2482 seu
639 2416 869 2498 procuratoris
892 2435 952 2499 pro
977 2415 1101 2482 debitis
1130 2414 1231 2497 servi,
1259 2414 1295 2480 in
1326 2414 1444 2495 quibus

244 2518 426 2602 obligatur,
450 2536 510 2599 pro
531 2537 568 2585 se
584 2518 659 2603 ipso
675 2520 839 2587 arrestari
854 2539 921 2588 non
936 2524 1092 2603 possunt3
1115 2537 1174 2603 pro
1191 2518 1314 2585 debitis
1335 2522 1446 2585 autem

245 2622 374 2689 domini
395 2626 545 2704 possunt.
568 2623 616 2689 Et
639 2623 769 2691 sitatis
792 2625 975 2691 arrestatio
998 2625 1058 2691 fiat
1081 2624 1115 2689 in
1138 2622 1247 2689 alieno
1258 2622 1395 2708 jndicio,
1412 2627 1446 2689 et

246 2726 440 2811 praecipue,
475 2730 561 2808 quod
596 2746 662 2794 non
692 2730 846 2813 subjacet
870 2727 1098 2811 jornsdictioni
1129 2726 1254 2794 dommi
1275 2729 1446 2814 arrestati,

247 2831 400 2913 quamvis
423 2831 484 2898 fiat
508 2850 568 2913 per
590 2838 840 2915 arrestatorem,
871 2832 928 2913 qui
951 2837 1003 2899 est
1026 2831 1179 2899 residens
1212 2850 1284 2899 cum
1315 2832 1445 2898 domino

243 2955 355 3003 rernm
389 2934 426 3002 in
463 2953 527 3002 uno
564 2936 688 3014 judicio
726 2937 782 3004 vel
819 2940 872 3003 est
910 2936 983 3020 ejus
1021 2936 1170 3005 concivis
1209 2954 1270 3001 seu
1303 2935 1443 3018 uicinus,

244 3045 357 3108 tamen
379 3041 489 3108 adhuc
512 3040 602 3107 idem
624 3041 775 3109 (lominus
792 3059 867 3108 cum
886 3044 1094 3108 arrestatore
1110 3042 1154 3108 ad
1169 3040 1261 3107 alind
1273 3040 1445 3129 judicium,

244 3144 302 3212 ubi
326 3162 382 3209 res
405 3147 597 3209 arrestatae
621 3148 708 3227 sunt,
729 3163 789 3226 pro
814 3143 862 3212 cis
887 3143 1113 3228 disbrigandis
1137 3144 1329 3211 declinabit.
1359 3145 1444 3211 Item

242 3248 276 3316 si
309 3250 461 3318 dominus
491 3266 547 3315 res
578 3268 644 3315 non
674 3266 735 3330 per
764 3267 897 3314 servum
933 3254 969 3315 et
1002 3252 1261 3331 procuratorem,
1295 3251 1356 3316 sed
1386 3267 1445 3331 per

244 3353 391 3435 aliquem
422 3354 488 3420 sibi
517 3354 687 3419 concivem
718 3353 772 3419 val
802 3352 957 3437 vicInum,
986 3353 1043 3434 qui
1074 3354 1174 3420 etiam
1205 3352 1359 3435 proprias
1389 3370 1444 3419 res

245 3459 361 3542 habat,
384 3460 428 3525 ad
450 3459 557 3525 locum
579 3456 719 3524 alterius
742 3456 858 3542 judicii
881 3456 1097 3523 transmittit:
1121 3463 1201 3525 tunc
1224 3457 1253 3523 si
1273 3458 1336 3523 hoc
1352 3460 1444 3524 noto-

245 3561 332 3628 rium
355 3566 417 3646 est,
440 3563 494 3629 val
519 3580 629 3628 coram
660 3561 774 3645 probis
805 3560 888 3630 viris
920 3564 961 3628 de
992 3562 1245 3629 transmissione
1275 3580 1387 3627 rerum
1410 3564 1444 3625 et

244 3666 477 3733 commissione
499 3666 779 3749 protestationem
795 3666 890 3748 prius
911 3666 1000 3748 fecit,
1016 3666 1167 3747 quamvis
1182 3659 1272 3753 apud
1288 3666 1440 3744 eundem,

243 3770 383 3851 autres
407 3770 507 3854 ducit,
532 3774 745 3838 arrestcntur
767 3790 827 3853 pro
850 3770 985 3853 debitis,
1015 3770 1190 3852 inquibus
1214 3770 1300 3836 idem
1323 3788 1384 3851 pro
1408 3786 1444 3835 se

244 3875 319 3957 ipso
342 3878 478 3941 tenetur
500 3875 555 3942 vel
578 3874 764 3958 proaliquo
781 3874 915 3959 delicto,
930 3876 1018 3965 quod
1034 3876 1221 3954 committit,
1237 3876 1316 3939 dato
1333 3873 1443 3955 etiam,

241 3980 334 4061 ,quod
359 3981 559 4047 confiteatur
580 3996 637 4045 res
660 3980 793 4045 easdem
817 3997 898 4045 suas
921 3997 1013 4047 esse:
1036 3978 1143 4046 adhuc
1165 3978 1244 4045 talis
1261 3976 1442 4044 arrestatio

247 4083 377 4149 domino
399 4101 511 4149 rerum
534 4083 659 4149 nullum
683 4081 923 4167 praejudicium
951 4082 1138 4165 generabit.
1166 4080 1325 4150 Inmerito
1357 4081 1444 4148 enim

244 4187 398 4254 domiuus
436 4206 495 4269 pro
533 4187 666 4272 debitis,
702 4187 757 4255 uel
791 4186 907 4271 culpis,
945 4187 1000 4255 vel
1033 4206 1075 4255 ex
1111 4186 1197 4253 salsa
1235 4186 1444 4255 confessione

244 4292 398 4358 ductoris
420 4310 542 4376 rerum,
568 4294 668 4359 rebus
691 4290 835 4376 propriIs
858 4289 1080 4361 fraudaretur.
