3275 5009
659 337 826 391 Brunenses.
1304 339 1338 390 97
1423 343 1425 346 ’
1476 335 1477 338 ’
1541 335 1574 432 fs

253 546 319 610 168.
332 545 425 618 Quod
437 545 593 611 debitoris
606 546 821 609 testimouium
834 525 1083 630 estsuspecturn.
1101 545 1181 611 Oum
1194 544 1338 626 quinque
1440 609 1441 614 γ
1496 547 1497 550 ’
1546 507 1558 530 ⁸

164 649 328 716 creditores
351 651 507 717 inunum
542 655 684 734 agerent
717 651 913 733 debitorem,
945 669 1030 718 unus
1064 667 1176 715 eornm
1210 667 1269 731 pro
1302 668 1338 716 se
1448 641 1449 644 ’
1483 635 1484 638 ’

162 754 345 819 sententiari
372 756 505 837 petivit,
534 757 563 822 si
593 755 668 837 ipse
700 772 761 836 per
795 756 981 822 debitorem
1016 756 1219 834 ostenderet,
1251 755 1338 834 quod

163 858 291 924 debitum
325 877 420 924 sunm
458 860 570 925 senius
610 864 701 924 esset
734 865 893 943 tempore,
927 878 1025 940 qnam
1056 858 1170 924 debita
1198 859 1338 924 aliorum

161 968 289 1040 (1ΗὸῖῦοΥ
296 987 302 1026 2
325 969 435 1028 Utrum
458 968 538 1028 ante
562 982 620 1030 eos
644 983 711 1030 nou
727 969 818 1030 esset
834 964 938 1046 primo
955 961 1154 1046 pagandusl
1172 962 1241 1028 Alii
1257 981 1336 1031 vero
1435 1031 1436 1034 Ἴ
1462 963 1474 1008 ἃ

161 1071 288 1144 quatuor
298 1067 332 1132 in
345 1066 548 1133 contrarium
564 1069 759 1151 allegabant
769 1094 775 1134 :
787 1069 868 1135 (lum
879 1069 945 1151 ipsi
955 1067 1189 1146 antiquitatem
1204 1084 1337 1132 snorum
1423 1125 1424 1128 ,
1439 1061 1441 1120 ἶ
1515 1051 1517 1076 ¹

161 1169 328 1235 debitorum
351 1189 411 1252 per
435 1175 554 1252 probos
578 1175 669 1239 viros
693 1176 923 1240 demonstrare
958 1177 1104 1257 possent,
1135 1177 1247 1235 utrum
1270 1172 1338 1237 tale
1405 1165 1415 1178 ”

159 1274 367 1340 testimonium
384 1294 449 1341 non
465 1278 588 1342 debeat
609 1279 728 1343 merito
752 1277 917 1360 praeferri
940 1276 1129 1342 testimonio
1151 1273 1338 1341 debitoris?

159 1378 465 1446 Sententiatnm
487 1380 589 1446 tuit:
614 1382 709 1466 Quod
725 1369 1338 1449 inhoceasndebitoristestimouium
1404 1373 1407 1382 ’
1434 1375 1435 1382 ’

158 1489 204 1548 est
224 1492 425 1568 suspectum;
448 1492 564 1567 posset
585 1489 672 1554 enim
695 1508 780 1554 nnus
803 1487 1004 1578 creditorum
1028 1485 1191 1552 occultam
1209 1484 1338 1550 ordina·

158 1586 267 1654 tionem
279 1609 350 1655 cum
363 1589 515 1656 debitore
527 1589 650 1676 facere,
662 1596 748 1672 qnod
761 1611 821 1675 pro
835 1593 906 1674 ipso
919 1591 954 1657 in
965 1594 1141 1671 dampnum
1153 1593 1338 1654 testaretur

158 1691 297 1775 aliorum;
312 1696 400 1760 unde
416 1696 644 1762 testimonium
661 1699 837 1778 proborum
854 1697 1007 1776 virorum,
1024 1697 1112 1775 quod
1128 1693 1177 1759 illi
1196 1699 1339 1772 quatuor

157 1814 209 1874 pro
229 1815 263 1863 se
285 1798 488 1881 allegabant,
512 1806 564 1866 est
586 1801 698 1883 potius
722 1803 931 1877 audiendum.

247 1934 325 2001 169.Ι
353 1935 446 2032 Quod
483 1958 524 2000 aa
563 1940 760 2022 antiquitate
799 1939 941 2004 debitum
967 1943 1027 2022 jus
1060 1938 1225 2019 sortitur„
1254 1933 1337 2001 Ori·

156 2039 305 2107 brando
337 2060 412 2122 per
442 2043 668 2123 sapientes
699 2045 1021 2110 sententiatum
1052 2047 1136 2107 est:
1172 2039 1265 2124 Quod
1298 2057 1339 2104 ex

157 2143 348 2222 antiquitate
371 2145 519 2211 debitum
538 2147 593 2230 jus
617 2148 767 2215 sortitur.
798 2149 896 2214 Unde
929 2146 1080 2226 quamvis
1104 2145 1251 2210 creditor
1274 2161 1338 2225 res,

156 2264 229 2324 quas
250 2248 393 2319 debitori
425 2248 586 2330 vendidit,
618 2251 652 2316 iu
683 2252 755 2334 ejus
787 2255 929 2332 occupet
958 2253 1137 2332 potestate,
1168 2254 1280 2313 tamen
1296 2245 1339 2311 .si

155 2351 289 2418 creditor
311 2353 481 2433 antiquior
505 2355 732 2438 superveniat,
754 2373 810 2421 res
834 2358 969 2422 easdem
988 2355 1161 2436 impetens
1177 2352 1227 2418 illi
1243 2351 1336 2432 prius
1397 2381 1398 2386 1

157 2454 214 2520 erit
235 2457 272 2522 de
290 2459 427 2541 Justitia
449 2457 700 2539 providendum.

247 2598 317 2662 170.
340 2594 433 2668 Quod
456 2599 501 2660 ait
515 2597 773 2683 faciendumst
794 2601 834 2663 de
851 2600 1032 2681 prioritate
1048 2597 1229 2660 debitorum
1245 2594 1340 2658 dobi-

64 2740 65 2743 =
156 2701 332 2768 tetecum
348 2705 515 2787 obstante,
531 2705 617 2781 quod
630 2705 665 2769 in
681 2705 851 2771 solvendis
866 2704 989 2771 debitis
1005 2704 1163 2785 prioritas
1180 2703 1338 2782 temporis

152 2800 199 2882 jus
221 2803 308 2891 facit,
326 2807 357 2872 si
372 2807 544 2872 hereditas
561 2807 712 2888 pluribus
730 2809 952 2874 creditoribus
969 2809 1127 2892 obligata,
1143 2826 1203 2888 pro
1219 2804 1338 2870 minori

154 2909 293 2992 pecunia,
324 2929 420 2991 quam
451 2911 521 2997 sint
550 2910 673 2995 debita,
708 2914 846 2979 vendita
880 2912 991 2994 fuerit,
1025 2920 1060 2978 et
1091 2914 1132 2976 de
1161 2909 1338 2992 prioritate

155 3011 329 3081 debitorum
353 3015 537 3099 dubitetur,
559 3034 621 3082 nec
644 3016 851 3083 sufficienter
874 3017 1008 3097 probari
1030 3015 1153 3098 possit:
1177 3017 1261 3079 bene
1285 3018 1338 3078 est

155 3115 351 3202 rationabile,
382 3120 469 3197 qnod
499 3120 670 3201 sapientes
702 3122 905 3203 computatis
935 3120 1058 3186 debitis
1088 3119 1145 3185 uni
1176 3117 1337 3185 creditori

155 3222 272 3287 tanturn
303 3222 473 3288 defalcent
503 3223 537 3288 in
566 3243 689 3306 marca,
723 3232 884 3303 quantum
918 3225 1026 3290 alteri.
1062 3223 1227 3307 Quicquid
1251 3222 1337 3288 enirn

155 3320 328 3405 huJusmodi
356 3326 448 3392 faeta
471 3327 693 3394 defalcatione
723 3329 901 3408 uuicuique
933 3328 1143 3394 creditorum¹
1167 3325 1339 3408 deiecerit,

154 3425 184 3490 in
204 3447 239 3495 eo
262 3432 392 3515 debitor
415 3430 479 3496 sibi
502 3430 706 3515 obligabitur
728 3432 800 3514 ipso
820 3435 907 3516 jure.
989 3478 991 3482 -

245 3551 317 3614 171.
360 3549 558 3634 Quandoque
595 3552 826 3617 declarandum
864 3563 920 3634 est,
955 3551 1096 3636 qualiter
1130 3550 1239 3616 debita
1273 3551 1339 3611 siut

156 3663 315 3718 contractu.
357 3656 428 3722 Reo
466 3660 604 3738 petente
634 3657 739 3740 judex
773 3660 875 3724 debet
907 3663 1055 3724 actorem
1088 3661 1244 3740 agentem
1278 3673 1337 3736 pro

156 3756 267 3825 debitis
294 3760 510 3842 pecuniarum
535 3766 570 3828 et
592 3763 771 3844 praecipue
794 3781 987 3845 magnarum
1011 3761 1219 3842 compellere,
1250 3759 1337 3838 quod

157 3861 302 3947 declaret,
324 3883 367 3930 ex
389 3883 456 3944 qna
478 3883 526 3947 re,
549 3866 695 3944 qualiter
722 3870 757 3930 et
781 3886 844 3946 qno
875 3868 946 3931 loco
979 3871 1014 3931 et
1043 3871 1194 3946 tempore
1225 3863 1339 3945 hujus·

156 3968 232 4032 modi
254 3969 367 4035 debita
391 3969 460 4034 sint
483 3973 667 4035 contracta.

246 4093 317 4156 172.
339 4091 391 4153 De
416 4089 685 4154 deliberatione
709 4090 871 4176 locumque.
902 4091 938 4157 Si
969 4093 1117 4158 creditor
1148 4093 1190 4157 de
1214 4090 1338 4156 debitis

157 4192 217 4258 suis
245 4196 417 4279 losungam
440 4200 475 4262 et
499 4196 673 4262 collectam
699 4195 834 4262 civitati
864 4197 973 4279 solvit,
1009 4197 1110 4262 talem
1142 4195 1337 4262 solutionem

157 4311 213 4360 non
233 4305 345 4379 potest
366 4319 387 4364 a
410 4300 562 4366 debitore
582 4301 798 4384 Justitialiter
825 4306 1033 4379 extorquere.

202 4434 268 4478 Codex
282 4437 323 4485 iur.
339 4438 390 4478 boh.
406 4438 433 4478 ll.
448 4443 468 4479 4.
1218 4425 1233 4472 7
