3275 5009
796 281 960 336 Sententiae

280 492 324 556 ad
353 488 574 556 fraudandum
605 490 789 558 creditores
827 490 915 556 ffliae
950 492 1061 557 dotem
1092 490 1267 574 promittit,
1302 493 1472 574 promissio

280 595 430 677 vigorem
453 613 519 661 non
542 595 653 661 habet.
685 593 783 661 Licet
814 594 916 660 etiam
948 602 1028 662 aute
1057 596 1300 663 matrimonium
1332 601 1367 662 et
1389 602 1474 680 post,

281 699 407 780 nuptiis
426 698 496 781 iam
518 698 702 784 completis,
725 702 786 766 dos
813 698 963 780 promitti
993 701 1117 782 possit:
1147 704 1260 767 tamen
1290 703 1319 767 si
1350 704 1475 769 detali

176 837 177 842 ,
213 879 215 884 ,
281 803 461 886 posteriori
477 802 694 885 promissione
711 805 799 870 dotis
816 803 1002 870 creditores
1017 803 1107 886 patri
1123 804 1333 886 promittenti
1348 806 1474 874 instau-

281 907 363 974 tiam
385 907 535 989 iecerint,
549 895 664 974 'testes
687 908 825 974 idoneos
849 913 988 991 statuet,
1010 909 1067 990 qui
1095 910 1258 991 corporali
1285 912 1474 994 juramento

280 1013 572 1093 comprehendent,
584 1013 673 1091 quod
689 1013 748 1077 dos
765 1012 955 1098 hujusmodi
970 1031 1036 1078 nou
1051 1014 1097 1080 sit
1112 1014 1147 1079 in
1162 1013 1309 1096 ipsorum
1324 1014 1477 1083 fraudem

281 1115 474 1197 aliqualiter
497 1121 687 1196 procurata.

383 1222 430 1287 Et
467 1221 623 1288 similiter
659 1221 912 1306 intelligendum
950 1229 1003 1289 est
1041 1226 1082 1288 de
1109 1223 1250 1306 debitis,
1272 1243 1350 1290 nam
1373 1244 1475 1304 quae·

280 1344 417 1406 cumque
440 1325 475 1390 in
497 1324 647 1391 fraudem
672 1324 874 1393 creditorum
896 1344 958 1410 per
980 1327 1150 1394 debitores
1173 1328 1321 1394 alienata
1340 1328 1477 1413 fuerint,

279 1430 412 1498 actione
427 1429 639 1496 revocatoria
654 1435 866 1512 repetentur;
890 1433 978 1497 unde
993 1431 1023 1496 si
1039 1431 1211 1514 praedium
1228 1433 1340 1498 dotale
1356 1433 1477 1499 minori

280 1535 397 1617 pretio,
420 1552 516 1614 quam
540 1535 660 1611 valeat,
676 1536 852 1615 vendatur,
868 1535 1016 1602 creditor
1032 1535 1140 1617 ipsum
1157 1555 1216 1616 pro
1233 1539 1348 1603 eodem
1366 1538 1476 1620 pretio

202 1631 203 1636 ’
281 1644 513 1719 consequetur.

532 1812 776 1894 Capitulum
799 1812 883 1878 XX:
911 1811 971 1878 De
994 1813 1223 1880 aedificiis.
1257 1865 1261 1869 .

385 1953 458 2017 208.
481 1950 531 2012 De
554 1950 714 2031 aedificiis
737 1958 768 2015 et
789 1951 881 2014 cocis
905 1949 1119 2015 locationibus
1141 1973 1198 2014 sea
1209 1945 1478 2036 plantationibus

280 2056 314 2117 ia
336 2075 457 2138 pervere.
481 2055 532 2120 De
556 2055 698 2137 quadam
720 2054 802 2120 villa
826 2054 930 2138 jurati
954 2060 1109 2137 petentes
1124 2055 1295 2123 informari
1318 2060 1359 2123 de
1378 2058 1476 2125 novis

280 2159 436 2228 villarum
459 2159 680 2226 locationibus
705 2165 740 2225 et
759 2162 914 2225 arborum
930 2160 1207 2242 plantationibus,
1221 2160 1380 2227 instructi
1398 2168 1478 2227 sunt

281 2265 323 2330 de
334 2265 550 2346 subscriptis:
565 2265 687 2348 Primo,
699 2265 787 2344 quod
803 2262 949 2346 signatis
964 2263 1053 2329 areis
1069 2264 1211 2343 quilibet
1225 2263 1477 2332 fundamentum

282 2374 385 2450 ponat
419 2369 528 2435 vicino
563 2387 622 2434 suo
653 2375 833 2450 praesente
863 2374 900 2433 et
930 2369 1075 2450 vidente,
1110 2374 1145 2432 et
1179 2368 1334 2434 similiter
1367 2375 1476 2436 metas

281 2490 437 2556 agrorum
459 2471 565 2538 faciat
588 2475 629 2538 de
653 2471 741 2537 scitu
764 2470 868 2538 vicini
891 2471 950 2537 sui.
973 2471 1025 2551 It,
1048 2472 1175 2538 curiam
1202 2474 1316 2540 domus
1346 2474 1477 2540 muniat

282 2583 317 2642 et
340 2576 512 2658 pacificet,
544 2576 691 2657 alioquin
715 2579 900 2659 dampnum,
927 2577 1016 2656 quod
1038 2592 1081 2640 ex
1103 2575 1165 2640 tali
1186 2577 1394 2661 negligentia
1418 2595 1478 2659 per

281 2681 387 2763 ipsius
411 2699 531 2762 pecora
554 2681 664 2749 vicino
688 2699 748 2747 suo
770 2681 805 2746 iu
829 2680 1011 2763 segetibus,
1034 2679 1179 2746 oleribus
1199 2686 1234 2745 et
1250 2680 1476 2749 consimilibus

281 2785 406 2851 factum
428 2784 540 2869 fuerit,
563 2785 636 2866 ipse
661 2784 786 2865 solvet,
810 2786 986 2865 dampnum
1009 2801 1100 2860 vero,
1123 2786 1209 2863 quod
1226 2802 1268 2850 ex
1284 2784 1360 2850 aliis
1380 2802 1476 2864 peco-

281 2891 374 2956 ribus
404 2889 439 2955 in
470 2889 562 2956 ouria
592 2907 661 2971 sua,
692 2907 789 2968 quam
821 2906 900 2970 sepe
931 2905 996 2953 nou
1023 2886 1179 2968 firmavit,
1208 2886 1273 2953 sibi
1303 2886 1476 2969 acciderit,

279 2992 469 3058 sustinebit.
503 2992 554 3074 lt,
588 3011 700 3073 sepem
740 2990 869 3057 iaciens
910 3008 1020 3056 ramos
1061 2988 1232 3074 virgarum
1270 2992 1313 3056 ad
1349 2991 1475 3056 curiam

279 3095 381 3162 vicini
395 3114 461 3161 non
476 3100 598 3163 vertet.
620 3096 662 3161 It.
677 3095 832 3162 fornaces
849 3100 884 3160 et
899 3094 985 3179 ignis
1003 3093 1264 3177 conservatoria,
1285 3095 1421 3160 cloacae
1441 3099 1475 3159 et

279 3200 413 3265 stabula
442 3201 484 3264 ad
508 3199 769 3282 impinguandum
803 3218 919 3280 porcos
948 3197 1050 3281 iacta,
1081 3197 1191 3279 spatio
1221 3198 1323 3263 trium
1354 3200 1475 3280 pedum

279 3321 353 3368 cum
376 3303 510 3368 dimidio
534 3322 554 3368 a
577 3303 712 3384 sepibus
734 3305 895 3370 locentur.
922 3302 963 3368 lt.
986 3303 1080 3368 locus
1103 3301 1192 3384 ignis
1214 3301 1336 3385 argilla
1356 3301 1475 3367 taliter

278 3407 425 3489 liniatur,
449 3424 491 3473 ne
514 3407 681 3473 scintillae
705 3408 820 3475 volent
841 3409 878 3473 in
900 3407 1025 3472 curiam
1047 3405 1151 3472 vicini
1174 3405 1224 3470 sui
1239 3405 1274 3470 iu
1290 3408 1472 3488 dampnum.

278 3512 320 3577 It.
345 3511 458 3578 cloaca
481 3529 541 3577 seu
565 3510 798 3578 merdatorium
822 3511 892 3577 fodi
915 3513 1015 3577 debet
1035 3510 1071 3575 in
1095 3508 1187 3574 curia
1211 3509 1346 3590 propria
1362 3514 1398 3573 et
1413 3509 1472 3572 sub

279 3620 372 3682 terra
395 3618 438 3681 ad
462 3614 588 3680 curiam
612 3615 713 3681 vicini
736 3616 788 3682 sui
811 3616 846 3680 in
869 3618 1047 3697 dampnum
1069 3632 1136 3678 uon
1158 3612 1242 3679 duci.
1274 3613 1316 3679 It.
1336 3614 1471 3678 arbores

279 3726 426 3787 ortorum
456 3719 490 3785 in
521 3725 616 3786 tauto
654 3720 764 3800 spatio
802 3720 997 3802 plantentur
1025 3738 1046 3784 a
1077 3734 1168 3800 sepe,
1201 3734 1243 3782 ne
1271 3715 1355 3781 rami
1383 3717 1471 3781 ultra

279 3824 385 3904 ipsam
419 3825 647 3905 dependentes
682 3830 791 3888 ortum
823 3822 925 3891 vicini
955 3823 1133 3904 splendore
1164 3820 1245 3886 solis
1274 3820 1410 3902 privent
1437 3822 1471 3884 et

202 3957 204 3960 ·
278 3930 490 4010 obumbrent;
514 3926 599 4009 quia,
623 3927 653 3991 si
674 3927 738 3992 hoc
762 3929 945 4010 contingat,
960 3926 1090 3993 fructus
1107 3926 1294 3992 eorumdem
1309 3939 1470 3989 ramorum

280 4049 353 4096 cum
364 4030 482 4107 vicino,
496 4031 588 4114 cujus
605 4036 712 4096 ortum
729 4034 936 4107 obumbrant,
951 4030 1146 4098 dividantur
1160 4028 1214 4094 vel
1231 4046 1292 4109 per
1305 4026 1469 4093 dominum

280 4137 443 4216 arborum,
472 4133 500 4200 si
531 4133 659 4201 vicinus
692 4154 807 4202 carere
831 4135 984 4211 noluerit,
1007 4134 1274 4216 praescidantur.
1304 4132 1346 4198 It.
1375 4126 1468 4207 fabri,

279 4239 424 4319 pistores
437 4240 471 4301 et
483 4237 671 4305 consimiles
684 4238 878 4320 mechanici,
891 4238 946 4318 qui
957 4238 992 4305 iu
1007 4238 1201 4305 exercendis
1217 4236 1386 4303 laboribus
1401 4229 1468 4300 suis
