3275 5009
253 410 257 416 ‚
288 383 339 433 274
802 381 966 433 Sententiae

289 591 520 655 tormentando
556 596 720 671 servetur,
755 592 841 669 quod
872 595 1095 655 tormentatus
1126 591 1180 655 vel
1210 590 1397 655 innocentia
1427 589 1478 655 vel

288 694 452 777 supplicio
470 695 582 759 salvus
599 693 653 759 sit.
678 695 750 759 Non
767 696 868 779 debet
891 695 992 759 etiam
1014 696 1048 759 in
1072 713 1108 759 re
1131 693 1278 759 faciliter
1292 695 1478 775 pecuniaria

288 799 404 866 haberi
438 799 662 879 tormentatio,
697 797 784 863 sicut
817 797 1047 878 praescriptus
1082 798 1237 879 rusticus,
1258 799 1316 863 *de
1351 816 1413 877 quo
1447 798 1479 863 in

287 902 458 969 sententia
481 902 595 968 habita
618 906 673 967 θεῖ
695 901 818 967 mentio
842 901 942 984 facta,
967 902 1031 968 nisi
1054 902 1209 969 fortassis
1233 901 1333 967 aliter
1356 902 1480 969 veritas

286 1007 432 1074 inveniri
453 1025 519 1072 non
543 1007 663 1088 possit,¹
691 1024 785 1085 quam
821 1022 881 1086 per
909 1013 1093 1086 tormenta3
1124 1014 1205 1071 tunc
1239 1005 1325 1071 enim
1361 1007 1479 1072 licebit.

393 1112 573 1177 Tormenta
586 1112 739 1175 habenda
750 1115 836 1187 sunt,
850 1127 914 1175 non
927 1117 1052 1190 quanta
1065 1117 1241 1176 accusator
1254 1112 1410 1193 postulat,
1422 1112 1480 1175 sed

287 1222 326 1280 ut
338 1218 529 1281 moderatae
546 1221 809 1297 temperamenta
826 1216 965 1280 rationis
982 1216 1184 1282 desiderant.
1203 1218 1313 1282 Judex
1330 1221 1364 1282 et
1376 1215 1480 1299 jurati

289 1321 469 1386 advertere
492 1321 624 1401 debent,
648 1338 714 1399 qua
738 1319 930 1385 constantia
950 1320 1003 1384 vel
1021 1338 1086 1399 qua
1104 1320 1327 1402 trepidatione
1343 1326 1483 1384 tormen-

195 1495 197 1502 ,
289 1429 383 1489 tatus
408 1423 614 1488 confiteatur.
649 1423 785 1487 Debent
808 1423 910 1487 etiam
941 1424 1065 1501 videre,
1096 1426 1188 1507 cujus
1215 1423 1484 1503 existimationis

289 1534 400 1593 utrum
424 1531 532 1593 bonae
554 1528 661 1593 lamae
685 1529 739 1594 vel
763 1530 939 1608 suspectus
965 1528 1064 1594 fuerit
1087 1528 1151 1611 ille,
1176 1531 1232 1608 qui
1252 1534 1483 1594 tormentatur.

289 1632 431 1713 Insuper
463 1634 504 1697 de
538 1631 664 1697 minore
698 1632 780 1696 XIV
816 1632 913 1697 annis
948 1632 982 1697 in
1016 1640 1117 1713 caput
1151 1633 1290 1698 alterius
1334 1651 1399 1699 non
1434 1642 1483 1696 θεῖ

289 1736 444 1803 habenda
478 1736 710 1816 tormentati03
742 1743 777 1801 et
798 1736 861 1801 hoc
884 1736 1033 1818 maxime,
1059 1756 1131 1802 cum
1154 1738 1253 1802 nullis
1277 1738 1484 1803 extrinsecus

289 1840 495 1923 argumentis
519 1841 689 1905 accusatio
712 1841 884 1921 impletur3
915 1859 974 1905 nec
997 1846 1109 1905 tamen
1133 1859 1339 1920 consequens
1363 1847 1425 1935 est,
1449 1846 1484 1904 nt

290 1945 363 2010 sine
379 1945 553 2010 tormentis
567 1945 672 2010 eidem
690 1948 849 2011 credatur
860 1946 994 2028 juveni,
1011 1964 1085 2011 nam
1102 1954 1207 2028 aetas,
1222 1964 1307 2027 quae
1323 1946 1483 2011 adversus

290 2049 508 2129 asperitatem
526 2055 762 2115 tormentorum
776 2052 919 2132 juvenes
935 2048 1068 2114 interim
1086 2050 1173 2115 tueri
1192 2050 1333 2132 videtur,
1350 2038 1480 2129 suspec-

290 2152 394 2218 tiores
410 2171 540 2232 quoqne
557 2156 688 2218 eosdem
703 2154 786 2219 tacit
803 2156 846 2218 ad
863 2154 1042 2219 mentiendi
1058 2153 1263 2219 facilitatem.
1288 2152 1395 2219 Unius
1421 2152 1481 2218 cri·

289 2257 387 2321 minis
405 2257 536 2337 plurimi
552 2258 602 2323 rei
619 2258 668 2323 ita
685 2258 842 2322 audiendi
859 2265 946 2333 sunt,
960 2268 996 2322 nt
1008 2259 1050 2322 ab
1067 2257 1124 2322 illo
1142 2257 1278 2337 primum
1294 2258 1483 2339 incipiatur,

291 2362 348 2441 qui
371 2362 519 2426 timidior
542 2372 594 2425 est
617 2363 670 2427 vel
702 2368 842 2427 tenerae
874 2362 998 2427 aetatis
1031 2363 1172 2427 videtur.
1203 2362 1294 2454 Reus
1326 2362 1486 2429 evidenti·

292 2463 403 2531 oribus
428 2467 636 2548 argumentis
661 2484 823 2549 oppresus
847 2467 956 2546 repeti
971 2467 1005 2531 in
1022 2472 1187 2531 tormenta
1203 2464 1324 2546 potest,
1346 2467 1485 2532 maxime

292 2569 321 2633 si
354 2571 388 2634 in
424 2571 472 2635 eis
504 2571 633 2635 animus
664 2589 849 2651 corpusque
882 2570 1086 2635 duraverint.
1121 2570 1161 2635 In
1192 2570 1248 2633 illa
1281 2589 1390 2650 cansa,
1423 2589 1486 2650 qua

291 2691 368 2738 rens
392 2673 493 2738 nullis
524 2676 731 2755 argumentis
763 2685 912 2756 urgetur,
942 2692 1006 2737 non
1036 2681 1117 2740 sunt
1148 2678 1314 2739 tormenta
1342 2673 1487 2738 faciliter

292 2777 490 2858 adhibenda,
515 2779 573 2842 sed
597 2777 771 2844 dicendum
795 2782 848 2841 est
871 2777 1067 2853 accusatori,
1084 2780 1171 2856 quod
1187 2778 1269 2842 illud
1287 2780 1486 2858 comprobet,

290 2882 375 2960 quod
406 2881 559 2946 intendit.
595 2881 668 2946 Non
704 2887 757 2947 est
792 2883 992 2948 credendum
1028 2879 1236 2961 confessioni,
1271 2899 1369 2960 quam
1403 2880 1486 2946 facit

244 3039 247 3044 ,
290 2984 411 3063 aliquis
443 2985 642 3051 durantibus
672 2987 857 3065 tormentis
889 2986 955 3052 nisi
987 2987 1035 3050 eis
1067 2984 1278 3050 cessantibus
1310 2986 1345 3049 in
1372 2987 1485 3051 eadem

291 3088 500 3154 contessione
524 3100 728 3170 perseveret.

395 3192 543 3276 (Quaere
567 3212 668 3272 supra
691 3195 733 3258 de
757 3194 865 3259 titulis
888 3194 922 3259 in
940 3195 1085 3275 capitulo
1113 3194 1182 3275 „De
1200 3192 1482 3260 confessionibus“

292 3302 325 3359 et
353 3298 534 3380 „poenis“.)

491 3488 736 3568 Capitulum
760 3488 906 3552 LXVII:
939 3488 995 3553 De
1019 3488 1286 3553 vulneribus.

397 3621 468 3681 718.
494 3619 542 3679 Dc
561 3617 747 3680 uulneribus
766 3627 798 3681 et
814 3616 992 3680 vulneratio
1010 3627 1164 3701 qnciotnm
1180 3620 1224 3681 od
1240 3618 1483 3697 accusationem,

293 3734 446 3806 qnantum
482 3724 526 3786 ad
569 3732 692 3805 ternpus
735 3722 921 3801 accusandi,
964 3731 1118 3805 qnantum
1157 3722 1201 3785 cd
1239 3724 1485 3800 distinctionem,

293 3837 445 3909 qivantnm
469 3826 513 3888 ad
537 3824 771 3887 mutilationem
791 3827 911 3886 dictam
928 3824 1043 3909 „ieem“
1062 3835 1091 3887 et
1107 3825 1144 3886 de
1161 3826 1300 3889 divertio
1318 3828 1352 3887 in
1366 3848 1485 3911 genere.

293 3931 540 4015 Quemcumque
563 3931 768 4011 vulneratae,
793 3947 925 4011 compos
948 3930 1090 3995 rationis
1115 3936 1150 3997 et
1172 3930 1263 4010 loqui
1279 3934 1407 4014 potens,
1424 3949 1485 3995 non

294 4047 442 4117 accusat,
473 4036 565 4100 illum
589 4034 686 4098 amici
716 4035 886 4099 vulnerati
916 4054 1077 4102 accusare
1107 4054 1171 4100 non
1203 4041 1351 4116 possunt.
1383 4037 1423 4101 It.
1452 4034 1486 4099 Si

294 4140 489 4206 vulneratus
506 4139 594 4205 infra
614 4138 762 4203 triduum
778 4137 940 4202 neminem
957 4140 1178 4219 accusaverit,
1195 4139 1376 4222 accusatio,
1393 4156 1485 4219 quain

295 4251 411 4324 postea
434 4243 561 4320 lecerit,
586 4244 701 4325 vigore
725 4243 862 4307 carebit.
887 4243 928 4308 It.
952 4244 991 4308 In
1014 4262 1078 4307 uno
1095 4247 1239 4309 membro
1256 4248 1388 4307 tantum
1405 4260 1483 4308 unus

295 4346 455 4428 defectae,
479 4348 665 4430 vulgariter
692 4346 801 4411 dictus
838 4347 971 4429 „leem“,
1002 4348 1155 4413 accusari
1185 4354 1306 4429 potest,
1338 4345 1483 4427 quamvis
