3275 5009
280 363 332 414 284
796 363 960 416 Sententiae

278 574 365 653 quod
399 575 523 657 justam
559 590 691 637 causam
725 571 870 653 foveant,
901 574 1184 652 praesumendum,
1215 573 1294 653 quia
1324 591 1391 638 nou
1423 579 1474 639 est

278 676 469 758 verisimile,
492 693 657 757 pauperes
681 681 798 740 contra
822 694 899 741 suos
922 677 1131 757 potentiores
1162 677 1253 743 litem
1285 678 1474 761 instituere,

278 781 345 846 uisi
367 783 574 847 necessitate
597 779 765 861 compulsi.

381 885 465 952 Sunt
488 902 567 967 ergo
592 902 632 948 ex
657 884 834 950 sententiis
857 903 877 948 a
900 886 982 951 locis
1005 886 1148 950 diversis
1165 903 1252 952 nunc
1269 884 1475 967 perscripta

278 997 313 1056 et
336 1008 423 1056 nunc
447 1009 507 1072 per
530 991 634 1055 verba
657 988 818 1068 quaesitis
842 987 991 1072 collecta,
1015 1008 1099 1070 quae
1115 997 1316 1071 sequuntur:

383 1113 428 1178 Et
444 1110 557 1194 prim0,
573 1129 658 1191 quae
676 1111 974 1193 praesumptionem
999 1111 1077 1177 mali
1100 1116 1264 1195 generant
1286 1112 1321 1176 in
1339 1130 1475 1194 genere,

280 1223 315 1284 et
337 1225 416 1282 sunt
437 1217 520 1282 ista:

382 1337 417 1404 Si
454 1342 631 1402 accusatus
669 1331 772 1402 fuerit
810 1337 901 1417 prius
941 1337 1088 1418 infamia
1125 1337 1208 1402 dicit
1239 1339 1326 1404 enim
1354 1338 1476 1420 regula

275 1443 377 1525 juris:
404 1441 487 1524 „Qui
511 1444 610 1506 semel
636 1447 688 1506 est
711 1442 827 1524 malus,
850 1460 981 1524 semper
1004 1442 1230 1522 praesumitur
1246 1459 1320 1507 esse
1337 1441 1476 1507 malus.“

383 1563 425 1630 It.
449 1563 613 1628 Distortio
637 1582 770 1637 morum,
802 1563 874 1628 vita
897 1581 994 1644 vaga,
1025 1563 1177 1628 circuitio
1208 1571 1372 1628 nocturna
1404 1563 1477 1628 sinc

278 1685 380 1733 causa
407 1666 608 1750 rationabili,
638 1666 828 1746 frequentia
860 1669 1082 1733 tabernarum.
1106 1674 1141 1732 et
1172 1667 1241 1731 ludi
1274 1666 1477 1747 taxillorum,

282 1777 475 1853 paupertas,
506 1772 617 1853 otium,
654 1772 791 1837 delicias
827 1789 992 1850 quaerens
1022 1783 1057 1836 et
1091 1772 1125 1836 in
1159 1772 1314 1851 expensis
1345 1773 1479 1837 modum

278 1878 451 1958 excedens,
476 1877 615 1942 mutatio
640 1875 692 1942 vel
716 1876 852 1957 negatio
876 1875 1001 1957 proprii
1019 1875 1159 1940 nominis
1175 1874 1210 1940 in
1226 1875 1307 1940 locis
1325 1876 1477 1958 eJusdem

277 1982 332 2048 vel
377 1980 530 2060 diversis,
576 1979 720 2061 portatio
759 1981 1068 2062 experimentorum,
1108 1979 1296 2062 vulgariter
1334 1981 1477 2045 diceudo

279 2085 452 2168 „sigstain
489 2085 593 2166 holer,
631 2086 823 2167 wegwart“,
859 2084 1104 2148 membranulae
1142 2085 1184 2147 ad
1222 2085 1352 2148 modum
1393 2082 1477 2148 retis

276 2189 470 2271 dispositae,
492 2189 526 2253 in
549 2188 668 2267 quibus
699 2189 897 2267 quandoque
921 2194 1105 2252 nascuntur
1129 2188 1223 2267 pueri
1247 2192 1282 2252 et
1309 2193 1478 2252 vocantur

277 2294 311 2359 in
335 2293 468 2374 vulgari
494 2293 664 2374 „geserb“,
695 2297 729 2356 et
754 2299 944 2358 caracteres
974 2309 1014 2355 ac
1045 2291 1112 2356 alia
1142 2291 1246 2356 multa
1277 2291 1475 2357 consimilia.

277 2398 400 2465 Herbis
423 2403 545 2475 tamen,
569 2395 748 2475 radicibus,
771 2396 884 2461 verbis
909 2401 944 2460 et
966 2395 1134 2475 lapidibus
1158 2413 1216 2460 seu
1241 2397 1379 2479 gemmis
1400 2397 1474 2461 sine

278 2502 378 2568 dubio
402 2505 515 2567 insunt
539 2501 683 2567 virtutes
708 2500 889 2565 naturales.
921 2500 972 2564 De
1004 2499 1202 2564 membranis
1234 2518 1314 2564 vero
1344 2498 1476 2564 famant

277 2607 428 2671 vetulae:
453 2607 488 2669 Si
512 2605 716 2684 recipiantur
738 2603 789 2669 IX
812 2604 867 2669 vol
889 2606 931 2668 ad
951 2603 1060 2669 minus
1086 2604 1112 2667 V
1135 2611 1171 2668 et
1192 2605 1382 2668 habeantur
1400 2623 1473 2669 cum

277 2710 331 2775 filo
355 2728 456 2774 aureo
488 2715 524 2774 et
546 2709 673 2773 sericeo
704 2709 736 2772 in
764 2707 909 2772 ecclesia
940 2727 999 2788 per
1028 2708 1080 2773 IX
1110 2709 1191 2789 dica,
1223 2707 1279 2772 illo
1311 2714 1474 2789 tempore,

278 2832 341 2895 quo
365 2815 466 2878 horae
491 2815 671 2878 canonicae
695 2813 852 2877 dicuntur
872 2831 932 2893 per
955 2831 1083 2892 nonam,
1110 2817 1146 2876 et
1170 2822 1286 2892 postea
1316 2810 1475 2877 ferantur

277 2939 338 3001 per
360 2919 501 2997 aliquem
525 2919 567 2981 ad
587 2917 730 3000 judicem
755 2918 807 2981 vel
832 2919 874 2982 ad
895 2917 1063 3000 judicium,
1093 2916 1150 2980 ille
1181 2915 1311 2980 obtinet
1338 2934 1475 2980 causam

278 3043 377 3088 suam.
412 3022 579 3088 Advocati
612 3023 710 3087 etiam
744 3026 993 3087 consueverunt
1025 3039 1061 3085 sc
1092 3021 1220 3086 munire
1251 3022 1412 3084 sambuco
1441 3026 1475 3084 et

278 3129 481 3209 plantagine,
504 3134 540 3192 ut
563 3127 700 3192 vincant
722 3127 756 3191 in
780 3126 900 3190 causis.

382 3250 423 3314 It.
446 3249 487 3314 In
510 3250 623 3328 specie
654 3248 942 3330 praesumptiones
974 3253 1180 3329 generantur
1208 3247 1312 3311 istae:
1344 3245 1379 3309 Si
1412 3246 1474 3310 soli

278 3357 341 3420 duo
359 3359 511 3436 puguant
527 3358 562 3416 et
577 3371 641 3418 uuo
665 3354 849 3433 vulnerato,
872 3353 959 3416 alter
982 3351 1135 3430 rapiatur
1158 3368 1230 3415 cum
1254 3350 1366 3432 gladio
1384 3352 1471 3414 nudo

278 3466 465 3540 cruentato,
488 3458 523 3522 iu
545 3465 624 3522 actu
648 3458 700 3522 vel
724 3458 757 3522 in
780 3456 869 3538 fuga,
903 3474 964 3537 per
989 3456 1135 3539 judicem
1166 3461 1201 3518 et
1231 3453 1397 3534 juratum;
1432 3472 1473 3518 ex

278 3564 340 3630 bac
365 3563 632 3642 praesumptione
656 3561 783 3625 cuidam
808 3560 960 3625 incusato
993 3561 1033 3623 de
1061 3557 1236 3624 homicidio
1263 3556 1326 3621 fuit
1353 3575 1471 3637 expur-

279 3668 369 3750 gatio
397 3665 597 3746 adJudicata.

382 3788 423 3853 It.
449 3787 588 3852 Mutatio
614 3788 747 3852 babitus
773 3785 879 3852 virilis
903 3784 936 3848 iu
960 3783 1161 3864 muliebrem,
1185 3783 1239 3847 vel
1263 3799 1470 3862 econverso,

279 3894 332 3957 vel
356 3893 490 3956 babitus
513 3890 642 3956 laicalis
666 3890 698 3954 in
723 3890 958 3970 monachalem,
989 3888 1042 3953 vel
1065 3887 1123 3953 illa
1147 3885 1340 3951 consimilia.
1371 3886 1419 3950 Et
1442 3885 1469 3950 si

279 3997 370 4061 solus
394 3996 544 4074 rapiatur
575 4013 646 4058 cum
682 3995 759 4062 sola.
791 3999 827 4058 et
860 3996 968 4058 nudus
1003 4011 1077 4058 cum
1111 3993 1208 4071 nuda,
1241 3990 1308 4055 ista
1341 3988 1470 4056 faciunt

279 4099 579 4180 praesumptionem
603 4098 637 4162 in
660 4097 825 4162 adulterio
849 4098 902 4161 vel
927 4098 960 4161 iu
985 4104 1110 4176 stupro.

383 4221 424 4285 it.
448 4219 483 4284 Si
499 4219 657 4300 manipuli
674 4220 880 4283 diversorum
898 4236 1083 4300 granorum,
1101 4222 1137 4280 ut
1153 4215 1296 4299 siliginis
1313 4219 1348 4280 et
1364 4213 1467 4279 tritici

280 4328 333 4388 vel
358 4324 503 4406 ejusdem
526 4323 621 4407 grani
643 4321 900 4388 accidentaliter
923 4323 957 4386 iu
981 4321 1091 4386 colore
1111 4319 1305 4400 differentia,
1322 4324 1360 4382 ut
1379 4324 1467 4398 patet
