3275 5009
251 321 304 376 lou
768 322 934 405 Sententiae

253 531 310 616 ,bi
332 535 443 599 autem
466 531 505 612 is,
527 531 585 611 qui
607 529 756 608 moritur,
787 531 911 598 nullum
943 533 1068 600 habeut
1091 538 1127 600 et
1149 519 1223 601 sine
1246 538 1458 600 testamento

250 641 288 703 et
316 633 525 704 ordinatione
556 643 668 702 rerum
698 643 834 702 suarum
871 635 1015 721 decedit,
1053 637 1149 721 bona,
1182 655 1269 718 quae
1303 639 1459 718 reliquit.

251 739 399 824 proximo
422 738 540 806 heredi
561 755 620 806 suo
644 731 797 808 resurr.
822 735 913 824 Ergo
936 741 1234 825 percontrarium,
1263 743 1293 810 si
1315 750 1457 810 uxorem

251 844 407 912 habuerit
429 843 484 912 ved
499 843 632 927 liberos,
648 843 715 910 iilis
731 847 900 924 tamquam
915 843 1033 912 heredi
1048 845 1197 928 proximo
1218 849 1306 914 bono
1317 849 1458 914 cedant.

355 948 610 1016 Notandum:
634 946 729 1016 Sicut
750 948 893 1014 maritus
906 962 975 1015 res·
993 950 1110 1033 legera
1124 950 1244 1031 potuit,
1264 969 1341 1018 oum
1355 950 1459 1032 vixit,

248 1056 299 1121 sic
323 1057 358 1121 et
380 1070 472 1138 uxor,
495 1069 569 1120 cum
591 1051 771 1120 dominium
794 1068 906 1120 rerum
928 1055 972 1121 ad
993 1071 1072 1121 eam
1090 1055 1226 1138 usust,
1259 1075 1316 1122 reo
1337 1054 1456 1138 dispo·-

250 1175 332 1228 nere
354 1163 477 1242 potest,
499 1155 589 1227 sicum
611 1156 733 1240 placat.

354 1299 427 1363 355.
454 1290 506 1361 De
526 1295 720 1362 iamdudum
743 1295 915 1364 diuisione.
937 1294 1060 1366 Mulier
1083 1297 1186 1366 vidua
1203 1296 1306 1364 filium
1322 1297 1457 1364 habens

248 1409 286 1472 et
317 1402 429 1487 filium,
457 1419 553 1484 quem
583 1405 751 1483 tamquam
781 1399 1036 1485 primogenitum
1066 1403 1143 1488 pius
1168 1416 1295 1484 amans,
1318 1405 1455 1484 partem

251 1507 462 1590 hereditatis,
484 1524 582 1587 quam
605 1522 807 1574 communem
830 1523 904 1572 cum
920 1507 1034 1588 pueris
1050 1508 1200 1576 babebat
1213 1505 1367 1592 (agrum)
1384 1504 1455 1570 filio

248 1610 444 1696 specialiter
466 1610 653 1694 deputavit,
676 1609 773 1676 salva
800 1608 1014 1678 nibilominus
1037 1610 1073 1680 iu
1086 1612 1184 1678 bouis
1200 1609 1278 1677 eliis
1291 1609 1455 1694 portione

251 1734 312 1782 suu
335 1715 459 1783 debite.
484 1715 556 1800 Quo
580 1719 718 1798 mortuo,
742 1713 772 1781 si
794 1720 903 1782 mater
918 1717 1140 1783 adsecuudas
1155 1715 1281 1782 transit
1300 1715 1457 1798 nuptias,

249 1838 292 1886 ex
314 1839 378 1902 quo
402 1838 496 1887 soror
518 1819 624 1902 primo
654 1818 717 1884 hoc
748 1836 814 1886 non
845 1819 1107 1887 contradicendo
1129 1819 1323 1903 impedivit:
1357 1819 1452 1886 illius

250 1924 356 2006 purtis
369 1923 472 1992 tertia
484 1931 563 2008 pars
586 1921 687 1992 matri
711 1925 746 1989 et
766 1923 855 1990 *duee
877 1922 968 1990 filiae
990 1925 1111 1991 merito
1129 1929 1211 1991 sunt
1225 1925 1458 2006 deputandae.

353 2063 427 2128 356.
453 2061 505 2126 Da
526 2060 702 2129 intestatis.
723 2059 786 2129 Vir
807 2060 993 2130 intestatus
1024 2063 1169 2130 moriens
1192 2068 1229 2130 et
1250 2081 1376 2147 pueros
1413 2079 1455 2128 ex

250 2165 399 2251 pluribus
421 2167 581 2236 uxoribus
605 2166 795 2249 peripsum
826 2169 1006 2248 generatos
1036 2166 1241 2252 relinquens,
1270 2167 1301 2235 si
1334 2167 1455 2234 ultima

249 2292 334 2342 uxor
354 2272 573 2356 supervivens
596 2290 670 2338 cum
693 2267 808 2352 pueris
832 2269 900 2336 suis
924 2289 946 2337 a
967 2271 1064 2338 bonis
1093 2276 1309 2353 sequestrata
1339 2269 1455 2353 fuerit,

249 2377 405 2460 quamdiu
428 2376 462 2443 in
485 2377 565 2443 sede
587 2373 766 2443 viduitatis
789 2374 926 2457 sederit,
949 2375 1094 2458 propriis
1117 2393 1191 2442 cum
1217 2394 1331 2443 eorum
1354 2375 1452 2442 bonis

252 2499 371 2564 pueros
401 2484 507 2565 reget.
548 2479 613 2564 Qui
646 2479 676 2546 si
710 2496 816 2545 annos
850 2478 1065 2546 discretionis
1097 2476 1241 2547 noudum
1273 2481 1452 2559 hebentes,
1585 2566 1586 2571 Ἰ

250 2584 393 2652 Domino
414 2589 558 2652 vocante
591 2585 633 2650 ab
668 2583 733 2650 buc
761 2584 837 2650 luce
870 2583 1078 2669 transierint,
1110 2586 1199 2650 bona
1227 2583 1376 2665 ipsorum
1407 2583 1449 2648 ad

248 2694 390 2758 matrem
412 2690 624 2772 spectabunt,
645 2688 733 2756 siout
756 2693 791 2754 et
814 2703 834 2754 e
860 2702 1025 2757 vcoaraveroo
1058 2693 1167 2754 matre
1199 2700 1315 2754 eorum
1349 2687 1452 2754 vidua
1585 2668 1588 2735 ἶ

249 2798 382 2860 mortua
414 2793 485 2878 eius
518 2795 606 2860 bona
639 2794 684 2860 ud
716 2793 807 2874 ipsos
843 2791 1074 2861 devolventur.
1107 2793 1306 2859 Transactis
1337 2798 1449 2859 autem

248 2899 347 2965 suuis
370 2896 584 2965 discretionis
607 2898 802 2978 pumicum
825 2910 937 2962 eorum
960 2894 1057 2962 bonis
1087 2895 1286 2978 disponendi
1308 2896 1449 2964 liberum

249 3004 377 3070 habent
408 3003 624 3070 voluntatem.
659 3002 754 3085 Item,
790 3000 820 3066 si
853 3010 962 3066 mater
995 2998 1151 3066 maritum
1184 2999 1328 3083 duxerit,
1362 3003 1448 3067 bona

250 3125 437 3190 puerorum,
461 3122 666 3187 quocumque
689 3111 841 3186 tompore
865 3103 1083 3182 decesserint,
1097 3121 1172 3169 uon
1194 3104 1238 3178 ad
1256 3103 1374 3186 ipsam,
1390 3102 1448 3169 sed

250 3213 297 3278 sd
318 3227 448 3293 pueros„
472 3229 554 3291 quos
577 3213 676 3292 puter
697 3211 740 3276 de
763 3209 930 3290 prioribus
964 3207 1121 3275 uxoribus
1144 3201 1332 3292 generavit,
1355 3209 1447 3275 here·

249 3315 372 3382 ditaris
397 3312 621 3398 pertinebunt.
646 3312 767 3381 Omnes
789 3313 876 3381 enim
893 3311 1082 3397 hujusmodi
1108 3313 1203 3395 pueri
1229 3330 1331 3380 unum
1345 3313 1448 3380 babo·

248 3424 350 3488 erunt
371 3425 510 3504 patrem,
533 3436 629 3499 aquo
653 3416 745 3486 dicta
768 3420 855 3486 bonu
878 3416 1074 3485 radicaliter
1097 3423 1343 3498 processerunt.

354 3559 428 3624 357.
452 3568 481 3622 er
504 3559 576 3626 358.
592 3557 643 3620 De
659 3557 863 3622 hereditaria
870 3565 1023 3641 portiom
1038 3566 1192 3639 prumam
1207 3558 1253 3620 od
1267 3557 1443 3620 ordinatos.

250 3663 424 3746 Sacerdos,
439 3662 469 3729 si
484 3682 550 3730 nou
566 3681 628 3745 per
640 3662 873 3744 patrimonium
886 3681 906 3729 a
918 3662 1014 3729 bonis
1026 3661 1179 3746 paternis
1191 3665 1245 3729 est
1255 3667 1442 3743 separatus,

249 3787 324 3836 cum
347 3766 510 3835 fratribus
532 3767 638 3852 laicis,
663 3772 759 3848 patre
775 3785 888 3834 eorum
904 3765 1073 3848 defuncto,
1088 3765 1329 3832 hereditariam
1345 3765 1442 3831 habet

250 3874 444 3956 portionem.
469 3873 565 3956 Item,
587 3872 616 3938 si
639 3869 726 3940 filius
749 3889 770 3936 a
793 3871 889 3937 bonis
912 3870 1020 3952 patris
1036 3889 1097 3952 per
1112 3867 1223 3937 dotem
1239 3881 1305 3938 nou
1322 3868 1442 3937 divisus

248 3991 386 4045 uxorem
410 3978 552 4062 duxerit,
575 3979 616 4042 de
639 3991 705 4058 qua
727 3991 850 4058 pueros
873 3974 1059 4058 generavit,
1074 3979 1111 4042 et
1125 3976 1262 4041 tandem
1278 3973 1442 4048 moriatur,

250 4086 348 4164 patre
372 4079 566 4166 superstite,
588 4081 645 4162 qui
666 4083 786 4163 postea
805 4079 892 4147 ‘aiios
920 4074 1007 4146 ilios
1039 4078 1232 4160 relinquens
1262 4078 1438 4145 intestatos

249 4187 403 4283 decedat,
426 4185 743 4270 quaerimusduo
776 4184 873 4266 pueri
900 4183 979 4249 talis
1002 4182 1063 4249 iiii
1085 4192 1158 4250 cum
1180 4198 1294 4250 eorum
1317 4174 1437 4264 patruis

249 4279 488 4359 hereditariam
510 4291 634 4358 habere
658 4285 804 4356 debeant
827 4287 1038 4370 portionem?
1067 4285 1122 4354 ut
1143 4287 1437 4370 respondetur,
