3275 5009
634 323 636 328 '
714 277 882 372 Brunensesss
1360 322 1396 372 49

302 521 387 606 tac)
415 521 467 586 Dc
489 524 621 588 emeacla
644 523 892 609 appellationis.
924 523 960 592 si
990 524 1168 607 appellens
1189 525 1399 606 poenitentia

191 625 315 692 ductus
351 645 423 693 eam
458 632 607 719 revocat,
637 625 781 694 remissa
813 633 866 694 est
896 628 1044 710 emenda,
1075 645 1137 694 nec
1167 646 1228 710 per
1252 627 1398 711 judicem

193 734 249 794 est
272 730 469 812 puniendus.

305 885 363 968 71„
388 889 437 955 72.
455 887 506 950 De
522 885 806 972 appellationibus
823 885 1038 970 maleficorum
1055 884 1165 972 quales
1184 888 1259 952 alat.
1275 889 1401 957 Malefi-

193 1007 307 1057 corum
330 989 574 1074 appellationes
597 991 716 1074 utique
739 997 817 1059 sunt
843 993 970 1070 inanes,
999 991 1066 1059 nisi
1095 1010 1253 1060 excessus
1278 995 1397 1062 dubius

192 1094 249 1173 sit,
271 1100 352 1162 tunc
376 1095 503 1163 iactum
526 1115 591 1165 non
614 1103 668 1164 est
692 1097 991 1180 praecipitandum.
1008 1135 1050 1144 —
1067 1095 1114 1163 Et
1131 1097 1285 1164 similiter
1301 1097 1399 1164 intel·
1528 1137 1531 1144 -

193 1198 365 1284 ligandum
383 1209 446 1284 cst,
462 1204 549 1282 quod
565 1201 746 1284 appellatio
764 1207 903 1286 propter
914 1202 1140 1285 juramentum
1162 1203 1399 1286 interpositum

196 1321 265 1371 nun
288 1310 341 1370 est
363 1306 581 1390 prohibenda.
760 1307 786 1360 Ι

302 1461 351 1523 73.
389 1459 502 1546 Casas,
534 1463 569 1524 ire
601 1459 717 1546 quibua
750 1459 933 1546 appellatio
963 1483 1027 1523 ooo
1054 1459 1253 1527 admittitur.
1285 1462 1321 1528 Si
1343 1480 1400 1529 res

193 1562 391 1631 dilationem
416 1583 484 1631 non
506 1565 638 1649 recipit,
660 1583 726 1631 non
749 1569 803 1640 est
826 1565 1008 1648 appellatio
1038 1565 1253 1644 admittenda,
1286 1567 1342 1634 vel
1369 1567 1399 1632 si

191 1685 237 1734 ex
260 1673 423 1751 perpetuo
449 1669 561 1737 edicto
584 1669 710 1750 aliquid
733 1670 943 1754 praecipitur
957 1668 1155 1753 faciendum,
1170 1688 1236 1738 uon
1251 1669 1397 1754 appella·

192 1771 289 1838 bitur
311 1778 429 1840 contra
452 1774 607 1842 edictum.

301 1931 350 1994 74.
382 1929 434 1995 De
456 1931 611 2016 profectu
635 1931 871 2018 appellationis
900 1931 987 1996 iuter·
1003 1940 1129 2014 parter.
1163 1931 1203 1997 In
1234 1931 1397 1997 communi

195 2051 300 2100 causa
335 2034 489 2114 quotiens
520 2036 608 2102 alter
638 2035 788 2120 appellat
817 2040 853 2102 et
879 2035 968 2101 alter
989 2053 1063 2114 non,
1088 2035 1229 2102 alterius
1252 2034 1397 2103 victuma

193 2137 296 2204 etiam
319 2139 369 2205 illi
393 2139 555 2224 proficiet,
578 2139 636 2220 qui
658 2157 725 2207 non
748 2141 955 2224 provocavit,
978 2140 1100 2208 ethoc
1114 2139 1150 2204 in
1166 2157 1268 2207 causa
1284 2139 1396 2206 defen·

194 2240 308 2308 sionis.
349 2243 396 2309 Et
426 2244 528 2310 etiam
558 2245 649 2310 circa
679 2245 742 2311 hoc
773 2244 982 2312 sentiendum
1012 2249 1074 2328 est
1110 2247 1199 2330 qnod
1228 2245 1259 2310 si
1292 2244 1397 2324 aliqui

194 2333 330 2412 divisim
346 2347 474 2414 inerint
498 2347 741 2433 condempnati,
766 2348 918 2429 quamvis
942 2350 1116 2416 arcadem
1133 2365 1235 2414 causa
1250 2348 1397 2431 hooliab,

193 2455 309 2518 tamen
334 2451 487 2534 pluribus
510 2452 792 2535 appellationibus
816 2471 899 2536 opus
924 2458 985 2520 est.

303 2617 353 2682 75.
392 2616 443 2681 De
475 2617 699 2702 appellatione
730 2620 936 2682 coutumacia.
974 2617 1155 2700 Sollempni
1186 2616 1396 2684 diffinitionis

198 2721 334 2788 decreto
358 2723 531 2789 inventum
554 2729 616 2806 est,
640 2724 726 2804 quod
758 2721 940 2806 appellatio
972 2721 1176 2789 contumacis
1206 2738 1272 2788 non
1294 2720 1396 2800 valet,

197 2843 260 2892 nec
293 2843 367 2892 cum
389 2844 410 2891 a
433 2825 585 2910 principe
611 2827 716 2911 judici
747 2844 850 2894 caasa
881 2825 1108 2909 committitur,
1137 2826 1311 2909 appellans
1342 2832 1396 2892 est

195 2925 392 2999 andiendus.

519 3105 769 3187 Capitulum
791 3105 838 3172 V:
865 3105 925 3172 Dc
948 3103 1082 3184 aquis.
1151 3199 1154 3204 Ι

303 3243 354 3308 76.
370 3241 465 3330 (Bu.)
482 3241 531 3306 Da
547 3243 641 3327 aquis
658 3252 688 3307 et
704 3265 814 3307 aarum
830 3241 998 3330 meatibus,
1012 3238 1194 3326 culporilcr
1208 3239 1307 3302 dictis
1323 3243 1391 3305 act.

195 3348 315 3428 Aquae
346 3352 487 3425 meatur,
518 3347 708 3430 vulgariter
741 3347 853 3414 dictus
886 3347 973 3427 ach,
1006 3344 1130 3426 duplex
1152 3346 1219 3410 est:
1253 3343 1395 3426 Quidam

194 3451 371 3535 naturalis,
410 3452 444 3518 in
473 3469 537 3532 quo
568 3471 656 3533 aqua
686 3473 707 3520 a
737 3452 788 3518 sni
819 3451 947 3535 origine
980 3449 1077 3516 fluxit
1110 3452 1146 3514 et
1178 3448 1287 3530 ipsum
1320 3450 1395 3518 loca

196 3560 316 3639 petens
335 3556 517 3624 decliviora
533 3575 593 3641 per
608 3576 645 3624 se
660 3558 751 3624 iecit.
771 3556 818 3622 Et
832 3556 921 3623 huno
936 3560 1083 3622 meatum
1098 3574 1185 3636 aqna
1200 3559 1236 3624 in
1251 3561 1395 3636 utroque

194 3660 297 3728 litore
320 3663 518 3742 quandoque
541 3662 680 3744 ampliat
702 3668 738 3728 et
760 3663 959 3742 quandoque
986 3663 1134 3742 coartat3
1164 3680 1227 3727 nec
1256 3665 1396 3743 propter

195 3765 259 3832 hoc
281 3765 446 3832 habentes
470 3765 680 3833 hereditates
704 3766 739 3832 in
762 3765 889 3833 eisdem
911 3764 1066 3831 litoribus
1086 3766 1133 3830 ad
1152 3767 1325 3832 emendam
1340 3764 1396 3832 vel

193 3869 466 3936 reformationem
497 3870 640 3950 aliquam
676 3871 877 3955 obligantur.
911 3870 1008 3936 Alius
1042 3874 1152 3936 autem
1184 3876 1236 3936 est
1265 3874 1395 3937 meatus

191 3975 372 4057 violentus,
394 3974 430 4040 in
455 3990 520 4055 quo
544 3992 631 4056 aqua
654 3973 882 4042 artificialiter
903 3972 1130 4040 mediantibus
1152 3975 1336 4043 obstaculis
1360 3979 1396 4040 et

194 4079 433 4160 quodammodo
457 4077 624 4147 violenter
646 4097 708 4161 per
721 4078 860 4145 ¹fossata
883 4080 927 4145 ad
945 4079 1008 4144 hoc
1024 4076 1118 4144 facta
1133 4078 1237 4147 fluere
1253 4079 1395 4162 compel-

193 4184 286 4267 litur,
313 4182 447 4253 ratione
470 4183 743 4268 molendinorum,
773 4184 954 4260 hortorum,
983 4201 1140 4268 agrorum
1168 4184 1224 4251 vel
1254 4182 1394 4249 aliarum

195 4287 435 4372 hereditatum,
460 4288 579 4369 quibus
594 4288 728 4373 proficit
747 4293 783 4354 et
798 4290 941 4371 praebet
955 4287 1128 4371 plurimum
1146 4287 1395 4355 incrementum.

247 4427 320 4468 Codex
331 4426 374 4476 J'ur.
389 4427 439 4468 boh.
454 4427 482 4472 11,
498 4433 517 4469 4.
1268 4410 1285 4459 4
