3275 5009
607 370 771 425 Sententiae
792 372 975 442 Iglavienses.
1341 372 1391 423 321

302 579 500 645 Daruber
533 576 641 645 wart
676 580 858 662 getailt:
891 579 1052 645 Sintemal
1083 581 1149 644 und
1173 598 1211 643 er
1233 579 1305 644 sich
1327 583 1391 663 bey

199 686 258 749 der
282 701 361 764 puss
384 684 583 748 vorvvillurt
606 685 680 749 bett
703 702 734 747 u.
754 701 790 748 er
806 683 878 749 sich
894 702 937 748 au
952 685 1026 748 dem
1042 688 1157 749 ersten
1172 684 1392 750 hawssncheu

198 788 293 853 nicht
317 806 470 871 genugen
491 790 604 853 lassen
626 789 747 853 hettu.
762 806 807 871 yn
825 788 860 853 in
877 806 1050 869 eysernem
1066 793 1149 869 pant
1164 789 1283 872 praobt
1298 789 1390 854 hett:

198 911 234 958 er
269 893 340 957 sold
374 895 434 957 das
469 912 654 973 vorpussen
688 894 748 958 mit
783 896 842 958 der
874 894 1035 958 hochsteu
1059 910 1147 973 pass,
1171 894 1204 957 di
1227 911 1270 956 au
1294 892 1392 957 einen

197 998 324 1080 totslag
364 996 465 1062 allein
505 997 540 1062 iu
574 1000 634 1064 der
657 999 826 1063 ‘hantuast
859 1000 928 1061 stet
962 996 1190 1079 gesohrIeben
1224 998 1285 1061 das
1312 997 1392 1085 ¹sein

196 1099 302 1167 XIIII
324 1102 427 1179 mark,
452 1103 524 1183 dem
548 1102 663 1167 selben
686 1101 834 1167 sclrolle'n
850 1101 975 1165 cneban
988 1118 1017 1165 u.
1032 1100 1159 1165 richter
1174 1118 1204 1165 ιι.
1221 1102 1391 1182 scheppen

196 1207 256 1271 vir.
280 1206 365 1272 Hett
382 1224 419 1269 er
436 1206 508 1270 sich
524 1208 605 1272 aber
620 1206 714 1271 nieht
729 1204 936 1283 vorwilkurt,
954 1206 1038 1272 noch
1055 1206 1152 1270 ienen
1168 1204 1204 1269 in
1219 1222 1391 1285 eyserame

196 1315 278 1389 pant
301 1311 433 1391 pracht:
457 1330 492 1375 so
506 1309 607 1375 dorso
630 1329 667 1375 er
689 1310 783 1376 nicht
806 1310 916 1375 haben
939 1314 1125 1389 verpusset,
1149 1310 1272 1374 sunder
1291 1311 1389 1391 jener

196 1415 272 1480 bett
296 1433 406 1497 genug
429 1434 509 1480 eren
533 1417 636 1480 daran
672 1415 806 1497 gehabt
841 1417 900 1480 das
934 1432 972 1477 er
1004 1414 1065 1477 mit
1099 1432 1214 1495 eynem
1250 1414 1391 1479 rechten

183 1520 285 1603 ledig
308 1538 377 1585 wer
399 1522 542 1585 worden.
567 1518 671 1605 (160)

299 1661 375 1725 126.
414 1659 499 1725 Von
541 1658 839 1741 heymsucheu.
886 1656 1007 1723 Omnes
1045 1656 1245 1721 unanimiter
1282 1659 1390 1720 ratum

195 1762 320 1858 habere
358 1756 519 1844 voluntte,
560 1772 598 1828 ut
631 1763 735 1827 omnis
772 1762 907 1828 invasor
941 1764 1054 1827 domus
1088 1762 1200 1841 capite
1225 1759 1390 1842 puniatur.

195 1867 269 1932 Tali
293 1873 406 1931 autem
428 1870 522 1932 modo
546 1868 716 1932 vincetur:
752 1867 973 1947 Domesticos
1005 1866 1062 1944 qui
1091 1866 1228 1930 invasus
1259 1870 1320 1945 est,
1335 1872 1391 1928 'ex

193 1975 334 2051 utraque
353 1977 448 2052 parte
464 1974 578 2037 domus
594 1989 674 2037 suae
688 1973 768 2036 duos
787 1971 914 2036 vicinos
930 1989 1008 2036 suos
1024 1970 1147 2035 habeat
1163 1974 1287 2048 testes;
1304 1986 1388 2047 quos

194 2074 224 2140 si
247 2077 371 2143 habere
404 2095 469 2142 nou
504 2081 623 2157 potest,
657 2096 757 2142 unum
791 2078 916 2141 habeat
947 2083 1041 2148 trans
1063 2074 1160 2149 viam,
1183 2073 1283 2160 alium
1307 2090 1387 2140 vero

194 2180 339 2247 vicinum
362 2201 455 2247 suum
480 2187 514 2248 et
537 2181 619 2247 alios
643 2184 764 2261 probos
788 2182 888 2246 viros.
915 2181 961 2245 Et
985 2180 1014 2244 si
1037 2180 1177 2244 eundem
1200 2175 1387 2243 invasorem

193 2284 304 2351 vivum
330 2292 390 2351 aut
412 2294 574 2351 mortuum
598 2286 632 2350 in
655 2287 749 2350 domo
774 2303 834 2349 sua
849 2286 971 2365 hospes
990 2285 1191 2348 detinuerit:
1205 2280 1389 2363 praedIctis

193 2389 339 2455 testibus
372 2386 548 2455 'convictus
585 2387 636 2453 vel
679 2408 744 2454 uno
772 2390 893 2471 jurato,
929 2388 994 2454 sibi
1027 2387 1152 2452 inferat
1183 2386 1385 2451 sententiam

193 2492 379 2575 capitalem.
403 2492 440 2559 Si
462 2498 573 2559 autem
596 2494 732 2559 invasor·
755 2485 1071 2573 quocumquemodo
1089 2490 1243 2574 effugerit
1260 2495 1388 2569 etpost

192 2598 254 2663 hoc
277 2598 435 2663 innocens
459 2616 534 2664 esse
558 2597 711 2677 voluerit,
735 2616 806 2663 cum
831 2599 943 2679 probis
976 2597 1057 2662 viris
1091 2614 1126 2661 se
1158 2596 1387 2676 metseptimus

192 2702 227 2766 in
250 2719 350 2767 cruce
373 2704 574 2785 expurgabit
598 2703 650 2767 vel
674 2720 739 2767 unc
765 2702 890 2783 jurato.
923 2702 960 2766 Si
992 2720 1072 2785 vero
1106 2700 1246 2779 simplex
1278 2699 1389 2778 queri-

191 2804 300 2870 monia
324 2808 363 2871 de
387 2806 496 2885 aliquo
520 2807 675 2871 invasore
700 2812 871 2887 proposita
894 2806 1004 2883 fuerit,
1029 2806 1117 2870 solus
1152 2823 1187 2869 se
1221 2806 1253 2868 in
1287 2821 1388 2868 cruce

193 2910 401 2993 expurgabit.
427 2910 582 2996 (XLIII.)

295 3035 369 3099 127.
395 3030 523 3113 Quum
552 3024 662 3098 ‘unus
697 3034 870 3098 invadit
903 3032 1029 3096 alium
1064 3031 1287 3095 violenter
1324 3030 1390 3093 vel

192 3142 461 3219 arroganter.
497 3137 532 3200 si
564 3137 640 3215 quis
671 3138 770 3203 alium
795 3141 1071 3217 praesumptuose
1103 3135 1156 3201 vel
1190 3137 1389 3217 arroganter
1417 3137 1423 3152 ’

192 3240 356 3307 invaserit
397 3244 432 3305 et
461 3240 600 3305 laeserit
636 3241 688 3306 vel
725 3240 955 3306 vulneraverit
989 3240 1043 3303 vel
1076 3240 1141 3304 alio
1176 3241 1268 3305 modo
1301 3240 1386 3303 male

191 3345 400 3425 tractaverit,
425 3352 459 3409 et
481 3347 510 3408 si
534 3345 670 3409 invasus
696 3363 732 3411 se
751 3350 785 3409 et
802 3364 862 3411 sua
878 3344 1061 3411 defendens
1078 3345 1265 3408 invasorem
1282 3343 1389 3406 Inter-

190 3449 311 3515 fecerit
333 3451 367 3513 in
392 3452 485 3515 domo
510 3450 563 3515 vel
588 3455 697 3515 extra:
722 3450 901 3515 veritatem
926 3449 1111 3513 invasionis
1131 3453 1165 3513 et
1181 3446 1385 3512 defensionis

190 3554 420 3633 metseptimus
454 3554 662 3635 approbabit.
701 3554 749 3620 De
773 3554 860 3619 omni
884 3553 1092 3618 mutilatione
1115 3561 1150 3617 et
1171 3551 1328 3632 laesione,
1347 3553 1386 3615 de

191 3660 448 3737 quibuscumque
468 3659 573 3741 jurati
591 3676 691 3737 super
711 3660 807 3724 fidem
824 3677 916 3723 suam
932 3658 1088 3733 dixerint,
1105 3658 1190 3736 quod
1207 3655 1252 3720 sit
1272 3656 1349 3719 lem
1362 3672 1389 3733 e,

191 3772 300 3827 ratum
335 3763 516 3842 habeatur,
555 3762 583 3827 si
617 3770 727 3826 autem
764 3781 940 3842 percussor
975 3782 1010 3826 se
1038 3780 1199 3826 excusare
1234 3759 1388 3840 voluerit,
1445 3830 1450 3836 ,

190 3867 381 3933 mettertius
405 3866 438 3930 iu
463 3884 560 3931 cruce
584 3868 710 3947 poterit
734 3886 769 3933 se
787 3885 956 3932 excusare.
982 3865 1112 3946 (XLIX
1129 3864 1168 3949 ἐξ
1186 3874 1214 3941 3,
1230 3864 1274 3949 4.)

662 4006 738 4070 Post
762 4010 820 4088 ort.
844 4006 917 4069 424.

294 4126 369 4192 128.
395 4126 452 4190 De
472 4127 619 4207 Judice
645 4136 685 4192 et
706 4128 873 4209 judicio
898 4121 952 4210 (in
973 4125 1266 4211 civitatibus).
1284 4127 1387 4191 Nobis

191 4230 320 4296 civibus
344 4230 502 4310 expedire
530 4231 673 4313 videtur,
707 4252 747 4295 ne
771 4234 805 4297 in
829 4232 939 4310 aliqua
970 4232 1111 4297 civitate
1146 4232 1243 4313 regni
1275 4232 1387 4312 plures

190 4334 258 4399 siut
266 4333 396 4417 judices
412 4352 505 4411 quam
520 4351 612 4417 unua,
623 4344 759 4416 propter
772 4336 980 4400 concordiam
994 4342 1029 4400 et
1041 4355 1171 4416 pacem3
1184 4342 1218 4401 et
1231 4335 1387 4415 quamdiu

246 4470 320 4510 Codex
336 4468 377 4517 iur.
393 4471 444 4510 boh.
461 4470 487 4509 Il.
503 4476 522 4511 l.
1250 4461 1282 4509 21
