3275 5009
692 347 860 416 Brunenses.
1324 367 1377 421 245

164 567 302 651 amiciS,
314 587 398 649 quos
412 568 605 635 nominatim
616 571 660 635 ad
675 570 737 635 hoc
754 572 941 654 constituit,
957 592 1016 655 pro
1033 574 1181 641 utilitate
1197 593 1375 657 puerorum

167 674 415 756 impendendas
429 693 491 757 per
503 677 635 741 eosdem
648 676 828 759 assignari.
839 676 981 755 Accidit,
993 680 1081 757 quod
1094 697 1178 745 uxor
1193 682 1374 747 seeundum

165 780 326 846 maritum
350 778 557 861 superduxit.
582 778 654 861 Quo
677 777 779 862 facto,
801 780 900 847 amici
923 782 1100 849 testatoris
1123 784 1218 849 domo
1234 784 1373 851 vendita

164 885 256 949 duas
290 890 404 965 partes
439 884 601 964 pecuniae
635 902 708 949 cum
742 883 927 951 infantibus
961 886 1010 953 eis
1047 886 1242 967 petiverunt
1272 889 1373 971 tradi,

163 988 369 1071 allegantes,
395 988 473 1068 quia
498 992 645 1054 testator
667 990 730 1054 hoc
759 988 794 1056 iu
824 989 985 1056 extremis
1015 990 1218 1073 allegaverit
1246 992 1282 1058 in
1311 1011 1371 1061 suo

167 1098 392 1173 testamento,
414 1097 523 1158 mater
545 1099 656 1158 autem
680 1110 858 1174 puerorum
882 1113 941 1176 pro
965 1112 1001 1160 se
1021 1094 1222 1162 sententiari
1240 1096 1371 1180 petivit,

162 1215 243 1263 cunr
278 1196 350 1278 eJus
380 1197 476 1277 pueri
506 1197 615 1263 adhuc
647 1205 763 1263 essent
792 1198 939 1265 infantes
971 1204 1006 1264 et
1035 1199 1185 1265 subsidio
1217 1206 1368 1267 materno

164 1300 346 1383 plurimum
368 1299 570 1384 indigentes,
595 1307 629 1367 et
653 1302 726 1384 ipsa
742 1302 890 1369 naturali
905 1302 1033 1384 pietate
1049 1304 1140 1385 ipsos
1158 1304 1261 1372 vellet
1278 1304 1370 1370 alere

160 1404 268 1471 etin
298 1406 465 1487 propriam
497 1408 688 1475 custodiam
714 1406 874 1490 recipere,
904 1406 1045 1487 pecunia
1077 1425 1254 1487 puerorum
1279 1410 1369 1489 apud

162 1508 294 1575 amicos
318 1517 521 1592 remanente,
545 1511 602 1594 ita,
626 1514 713 1591 quod
729 1512 917 1577 cautionem
941 1513 981 1577 de
1006 1527 1045 1576 ea
1071 1528 1128 1591 pro
1144 1510 1289 1596 ipsorum
1308 1529 1370 1577 usu

162 1613 351 1680 laboranda
388 1614 525 1681 dimissa
561 1614 723 1695 iacerent,
759 1622 870 1682 utrum
908 1614 1102 1696 quiescente
1143 1616 1367 1697 dispositione

165 1717 283 1783 mariti
306 1719 511 1800 praemortui
534 1721 577 1784 ad
601 1720 781 1802 gerendam
805 1738 919 1786 curam
939 1720 980 1784 de
998 1718 1109 1800 pueris
1126 1718 1195 1785 suis
1210 1720 1284 1801 ipsa
1301 1738 1368 1787 non

163 1828 264 1887 esset
286 1822 510 1906 propinquior,
538 1841 634 1902 quam
659 1822 782 1889 amici?
813 1822 921 1905 Super
953 1840 1017 1903 quo
1048 1824 1369 1889 sententiatum

159 1922 253 1990 fuit
288 1944 347 2007 pro
382 1927 464 2009 ipsa,
499 1926 677 1994 amicornm
712 1927 916 2011 allegatione
950 1944 1016 1993 non
1050 1927 1216 2004 obstante,
1255 1932 1291 1992 et
1319 1928 1369 1993 sic
1440 1922 1442 1930 “

163 2033 409 2096 testamentum
434 2030 611 2096 testatoris
634 2030 741 2114 hujus,
766 2036 923 2111 quantum
947 2032 988 2095 ad
1013 2030 1086 2113 hoc,
1108 2048 1174 2097 non
1194 2030 1367 2111 processit.

160 2133 389 2201 Nihilominus
419 2153 461 2200 ex
488 2152 528 2200 eo
559 2154 624 2201 non
648 2134 711 2200 luit
737 2135 942 2217 impeditum,
965 2136 1024 2199 sed
1053 2134 1166 2221 potius
1197 2131 1365 2199 salubrius

160 2239 428 2319 interpretatum
451 2245 487 2305 et
512 2256 570 2319 pro
594 2241 679 2304 bono
703 2256 880 2320 puerorum
912 2237 945 2303 in
972 2236 1091 2305 melius
1114 2242 1364 2316 commutatum

159 2341 326 2408 ‘volebant
357 2342 444 2407 enirn
476 2342 574 2408 amici
600 2360 660 2423 pro
683 2343 891 2409 necessitate
923 2359 1099 2423 puerorum
1124 2342 1296 2407 annuatim
1319 2343 1362 2407 de

159 2464 279 2511 eorum
304 2447 446 2527 pecunia
470 2446 660 2529 pensionem
685 2446 819 2529 habere,
843 2448 884 2512 de
908 2463 972 2526 qua
996 2451 1104 2511 mater
1128 2464 1184 2512 eos
1208 2444 1363 2511 benivole

159 2549 389 2632 supportavit.

270 2654 326 2718 Et
347 2661 460 2737 nota,
483 2657 569 2734 quod
602 2658 840 2720 testamentum
872 2658 984 2735 potest
1016 2655 1112 2720 homo
1145 2655 1301 2719 condere
1322 2653 1366 2719 de

160 2758 260 2827 bonis
283 2759 364 2837 suis,
386 2758 422 2825 in
445 2775 652 2839 quocumque
675 2757 748 2824 loco
769 2756 883 2824 fuerit.

268 2897 353 2979 638,
376 2895 466 2982 (Ba.)
490 2896 540 2958 De
563 2897 762 2958 testamentis
786 2895 1028 2961 coaditionalis.

163 3032 167 3036 ’
270 3036 344 3102 0²39.
369 3034 459 3120 (Ba.)
482 3034 532 3096 De
557 3036 753 3097 testamentis
771 3055 838 3117 per
860 3032 961 3097 dabie
984 3030 1084 3097 verba
1100 3030 1218 3115 factis.

269 3175 354 3253 640,
379 3175 461 3256 641,
483 3174 556 3237 642.
594 3173 642 3233 De
674 3173 882 3250 testamentis,
915 3180 1068 3253 quantum
1100 3170 1144 3232 od
1167 3179 1363 3236 caracteres.

160 3278 344 3346 Sciendum
368 3284 429 3360 est,
452 3296 520 3360 eoS,
545 3279 600 3358 qui
624 3278 857 3344 fraudulenter
883 3274 1023 3343 tutelam
1048 3274 1102 3342 vel
1125 3293 1237 3341 curam
1261 3274 1362 3340 admi·

160 3385 320 3466 nistrant,
356 3383 458 3449 etiam
492 3383 521 3449 si
556 3382 806 3462 satisdederint,
841 3382 1061 3447 removendos
1092 3378 1251 3456 a'tutela,
1285 3378 1364 3458 quia
1462 3464 1464 3471 Ι

159 3488 344 3554 satisdatio
367 3485 573 3568 propositum
597 3485 719 3550 tutoris
736 3484 927 3551 malivolum
942 3501 1009 3549 non
1025 3488 1144 3565 mutat,
1160 3484 1219 3549 sed
1235 3481 1362 3547 diutius

160 3591 345 3675 grassandi
367 3591 402 3656 in
425 3608 462 3669 re
485 3589 641 3656 familiari
660 3589 856 3655 facultatem
879 3592 1042 3668 praestat.
1066 3586 1265 3667 Suspectum
1289 3604 1361 3652 eum

163 3702 329 3778 putamus,
354 3696 409 3775 qui
432 3697 578 3760 moribus
602 3693 681 3759 talis
709 3700 770 3777 est,
803 3700 841 3759 ut
872 3696 1049 3774 suspectus
1081 3690 1140 3771 sit3
1175 3692 1234 3756 sed
1268 3694 1362 3756 tutor

163 3801 218 3868 vel
242 3806 389 3884 curator,
412 3798 561 3880 quamvis
586 3816 722 3881 pauper,
746 3798 775 3863 si
798 3796 906 3862 fidelis
931 3801 966 3861 et
990 3794 1132 3879 diligens
1156 3794 1211 3877 sit,
1226 3812 1292 3860 non
1308 3800 1361 3861 est

161 3906 385 3971 removendus
409 3902 505 3982 quasi
527 3907 705 3984 suspectus
728 3899 915 3986 grassandi,
939 3898 959 3965 i.
983 3916 1009 3966 e.
1035 3897 1164 3963 nitendi
1186 3898 1228 3963 ad
1254 3896 1360 3964 delin-

162 4013 327 4090 quendum
351 4009 445 4093 (quia
468 4024 614 4091 grassor,
637 4006 814 4090 grassaris,
837 4006 857 4070 i.
881 4022 908 4070 e.
932 4004 1023 4069 nitor
1045 4004 1087 4068 ad
1110 4000 1255 4087 malum).

266 4114 304 4181 Si
326 4114 439 4196 plures
463 4110 616 4195 deputati
639 4114 719 4175 sunt
754 4113 951 4175 executores
983 4106 1018 4172 in
1049 4110 1261 4189 testamento,
1295 4123 1359 4171 uno

162 4224 290 4285 mortuo
313 4218 369 4285 vel
391 4213 585 4283 irremotis
616 4214 769 4295 partibus
801 4218 934 4295 agente,
964 4212 1020 4277 vel
1050 4209 1188 4289 exsequi
1216 4209 1362 4293 nolente,

163 4324 249 4390 alter
272 4321 400 4405 poterit
423 4318 593 4403 perficere,
616 4317 775 4397 quicquid
799 4314 970 4382 incumbit.
1080 4390 1082 4393 ,
