3275 5009
725 366 893 421 Brunenses.
1374 364 1411 416 59

206 585 379 658 tamquam
391 594 433 641 ex
444 574 650 658 impotentia,
665 576 744 656 quia
760 576 892 658 proprie
909 575 1110 642 solummodo
1124 572 1207 640 illud
1224 589 1413 663 possumus,

208 685 301 765 qnod
325 680 397 747 sine
421 681 562 762 dampno
584 687 698 747 nostro
722 698 904 762 possumus.

319 786 367 852 Et
381 784 613 866 praescriptae
629 784 784 851 cautelae
799 784 916 851 valent
932 789 1050 852 contra
1062 784 1209 867 judicem
1225 786 1261 849 et
1269 782 1411 863 J'uratos.

318 890 404 956 Item
427 888 513 955 stari
535 891 638 956 debet
660 890 851 956 sententiae
875 888 1017 971 arbitrii,
1041 906 1141 969 quam
1164 889 1247 953 care
1278 885 1412 962 dixerit,

211 996 289 1063 sive
311 1012 418 1074 aequa
442 994 514 1061 sive
537 993 659 1077 iniqua,
682 1000 718 1059 et
742 993 807 1059 sibi
830 994 981 1077 imputet,
1005 993 1061 1072 qui
1084 990 1316 1074 compromisit.

319 1098 405 1163 Item
417 1098 447 1163 si
459 1097 571 1180 plures
583 1096 704 1165 arbitri
715 1097 842 1164 fuerint
851 1104 886 1163 et
895 1098 1046 1165 diversas
1056 1094 1245 1161 sententiare
1255 1094 1413 1175 dixerint,

210 1202 332 1270 licebit
362 1219 474 1268 eornm
500 1201 690 1267 sententiae
713 1220 780 1268 non
802 1201 904 1281 stari,
936 1203 996 1267 sed
1027 1201 1057 1267 si
1088 1200 1193 1283 major
1223 1218 1303 1281 pars
1334 1216 1409 1263 con·

213 1307 344 1373 sentiat
367 1306 407 1389 ei,
430 1306 588 1389 stabitur,
611 1306 758 1386 alioquin
781 1324 890 1388 poena
914 1304 1141 1372 committitur.

320 1410 406 1475 Item
429 1409 458 1475 si
482 1409 556 1489 quis
579 1409 788 1494 litigatorum
811 1409 974 1478 deiecerit
996 1411 1050 1477 vel
1075 1406 1230 1489 defuerit,
1254 1404 1332 1486 quia
1353 1422 1416 1487 per

214 1533 292 1581 eum
303 1512 429 1580 factum
442 1518 495 1579 est
508 1517 680 1593 quominus
694 1514 890 1593 arbitretur,
901 1532 1009 1597 poena
1021 1504 1255 1581 committetur.
1269 1510 1415 1577 Proinde
1427 1584 1429 1587 ,

215 1618 387 1685 sententia
411 1617 542 1697 quidem
566 1636 676 1684 coram
704 1637 767 1684 uno
799 1619 890 1686 dicta
920 1618 1147 1702 litigatoribus
1179 1634 1245 1683 non
1276 1612 1416 1689 vahbit,

214 1723 282 1791 nisi
306 1722 340 1789 in
364 1722 608 1805 compromissis
631 1725 693 1790 boc
715 1722 912 1806 specialiter
935 1741 1128 1805 expressum
1155 1722 1209 1800 sit,
1235 1722 1327 1801 *quod
1359 1719 1415 1785 vel
1448 1733 1451 1739 ·

214 1846 283 1895 uno
307 1828 361 1896 vel
384 1832 527 1908 utroque
550 1828 690 1893 absente
714 1828 885 1895 sententia
916 1826 1123 1911 proteratur3
1155 1842 1265 1893 coram
1300 1829 1414 1890 autem

216 1951 283 2014 quo
318 1931 522 1997 sententiam
555 1931 667 1998 dicere
701 1931 846 2015 videtur,
880 1932 937 2014 qui
971 1950 1044 1998 eam
1078 1930 1288 2012 sapientibus
1321 1927 1416 2005 dicit,

215 2041 388 2110 caeterum
411 2054 523 2102 coram
546 2035 671 2102 furioso
695 2037 751 2104 vel
774 2039 929 2103 clemente
953 2036 982 2103 si
1006 2036 1142 2105 videtur
1164 2033 1288 2101 dicere.

320 2140 408 2207 Item
430 2158 497 2206 non
518 2145 659 2225 cogetur
680 2140 810 2207 arbiter
833 2141 1038 2209 sententiam
1062 2141 1182 2222 dicere,
1206 2138 1271 2204 nisi
1296 2140 1418 2221 postea

216 2244 455 2325 compromissa
471 2244 524 2310 sit.
538 2244 783 2326 'Compromisso
799 2246 916 2323 soluto,
933 2247 996 2324 die,
1014 2248 1128 2328 morte,
1145 2243 1417 2325 acceptilatione,

210 2348 349 2435 judicio,
371 2354 471 2430 pacto
495 2348 549 2415 vel
573 2350 763 2415 sacerdotio
786 2351 997 2433 obveniente,
1028 2350 1157 2417 arbiter
1188 2352 1242 2414 est
1274 2349 1415 2413 solutus.

219 2454 375 2521 Ceterum
398 2452 430 2519 si
453 2457 571 2535 postea
594 2455 752 2520 sacerdos
777 2454 927 2521 existens
946 2454 1122 2521 arbitrium
1139 2452 1335 2534 susceperit,
1350 2452 1418 2517 iste

217 2576 349 2639 quoqne
371 2556 459 2624 omni
482 2559 578 2623 modo
601 2558 804 2625 sententiam
827 2558 918 2625 ferre
942 2560 1052 2625 debet.

323 2662 409 2748 Item
433 2663 463 2726 si
481 2661 616 2728 heredis
632 2662 667 2727 in
684 2663 918 2744 compromisso
934 2662 1058 2728 mentio
1074 2664 1143 2745 liat,
1160 2661 1289 2728 arbiter
1305 2664 1420 2742 potest

213 2766 337 2847 J'ubere
360 2767 516 2832 heredem
540 2768 670 2833 adesse.
1332 2754 1334 2759 ’

323 2870 410 2935 Item
440 2869 469 2936 si
500 2869 646 2953 pupillus
681 2872 754 2937 sine
787 2872 910 2938 tutorIs
946 2871 1150 2938 anctoritate
1181 2866 1418 2964 compromisit

216 2993 285 3041 non
318 2979 371 3039 est
404 2974 534 3040 arbiter
568 2978 738 3058 cogendus
769 2976 1011 3058 pronuntiare,
1029 2975 1104 3055 quia
1135 2974 1165 3041 si
1195 2982 1312 3040 contra
1343 2990 1418 3039 eum

217 3080 464 3161 pronuntietur,
491 3082 599 3159 poena
621 3097 687 3145 non
711 3084 856 3162 tenetur,
880 3084 1114 3162 praeterquam
1138 3078 1168 3145 si
1189 3077 1418 3162 fidejussorem

218 3181 361 3264 dederit,
384 3202 404 3249 a
426 3201 491 3263 quo
514 3201 623 3264 poena
645 3184 716 3265 peti
738 3184 855 3267 possit.

326 3287 413 3352 Item
436 3288 477 3353 da
500 3286 552 3353 his
584 3288 734 3355 omuibus
762 3292 864 3356 rebus
888 3293 923 3355 et
947 3288 1133 3355 rationibus
1156 3290 1259 3367 atque
1287 3290 1419 3352 contro·

219 3390 343 3460 versiis
363 3390 516 3473 judicare
540 3392 670 3459 arbiter
691 3398 813 3476 potest,
845 3412 930 3475 quae
960 3396 1002 3459 ab
1026 3391 1123 3459 initio
1154 3390 1298 3458 fuissent
1328 3388 1422 3455 iuter

220 3513 287 3573 eos,
310 3494 367 3577 qui
391 3497 698 3578 compromiserunt,
721 3517 788 3565 non
811 3518 897 3579 quae
921 3503 1039 3581 postea
1064 3500 1342 3578 supervenerunt.

221 3654 225 3661 .
327 3598 363 3666 Si
386 3602 428 3667 de
451 3618 488 3667 ra
511 3619 573 3667 sna
599 3602 808 3683 quiefactus
832 3608 885 3669 est
908 3602 1047 3684 arbiter,
1078 3601 1190 3668 dicere
1214 3598 1419 3667 sententiam

219 3713 288 3770 non
303 3709 424 3784 potest,
444 3706 523 3785 quia
537 3705 651 3773 facere
664 3708 891 3791 junctaeque
909 3712 1021 3773 autem
1037 3706 1203 3787 imperare
1220 3704 1292 3781 sibi,
1309 3720 1421 3783 neque

220 3826 258 3874 se
282 3809 460 3890 prohibere
484 3811 655 3891 qumquam
683 3818 805 3893 potest.
838 3812 875 3879 Si
905 3811 978 3892 qus
1008 3812 1124 3895 J'ussus
1156 3812 1197 3877 ab
1224 3809 1353 3875 arbitro
1379 3826 1421 3873 ex

220 3912 455 3994 compromisso
494 3914 626 3988 solvere
664 3918 849 3999 pecuniam,
882 3935 1007 3982 moram
1039 3914 1170 3999 fecerit,
1204 3931 1344 3996 poenam
1379 3930 1420 3978 ex

221 4017 458 4099 compromisso
482 4020 592 4102 debet,
616 4023 677 4087 sed
700 4025 819 4102 postea
843 4021 1002 4088 solvendo
1026 4038 1047 4085 a
1069 4037 1176 4102 poena
1202 4018 1420 4084 liberatur·

325 4121 412 4189 Item
447 4123 476 4187 si
511 4142 553 4189 ex
586 4124 695 4191 tribus
729 4126 869 4193 arbitris
898 4128 962 4192 duo
998 4127 1243 4207 condempnant
1277 4122 1420 4203 aliquem

221 4227 258 4294 in
290 4226 325 4291 X
357 4227 479 4293 marcis
517 4231 551 4292 et
584 4228 708 4295 tertius
746 4229 780 4295 in
814 4230 844 4295 V
880 4231 1102 4313 condempnat
1139 4229 1290 4309 eundem,
1327 4225 1422 4292 valet

221 4330 395 4397 sententia
423 4331 578 4413 duorum;
608 4336 668 4399 seu
691 4338 720 4400 si
743 4353 829 4400 unns
852 4334 887 4401 in
910 4333 984 4416 XV,
1014 4334 1102 4399 alter
1124 4334 1159 4399 in
1181 4331 1215 4397 X
1239 4336 1273 4397 et
1295 4328 1422 4395 tertius
