3275 5009
587 567 774 639 Addeudu
795 573 836 638 et
857 567 1095 655 porrigendo.

514 706 699 775 Sententiae
721 706 910 775 &notenses
933 716 977 791 (p.
998 709 1177 796 26-257).

350 849 410 902 9&
429 850 469 903 10.
489 848 518 902 Si
537 847 731 914 praemunitur
750 848 933 903 testibus...
952 853 1065 902 reete:
1085 863 1193 915 semper
1204 845 1297 901 utitur
1308 846 1439 911 testibus.

349 936 395 989 38:
415 948 485 1000 quse
504 933 582 989 XXX
600 949 708 989 merens
726 933 845 988 fooiunt.
864 934 898 989 In
917 933 983 989 Ood.
997 933 1253 1002 Kottonbergensi:
1271 948 1342 1001 quse
1360 930 1440 987 XXX

246 1038 401 1093 sexagenos
419 1020 537 1075 faciunt.
833 1057 836 1064 ,

350 1111 401 1163 105
418 1108 498 1163 Unde
517 1122 579 1162 oum
597 1108 700 1163 dieitur
714 1150 720 1161 .
734 1150 760 1161 ..
780 1105 846 1163 Ood.
865 1106 1056 1176 lluttenberg:
1074 1107 1155 1161 Unde
1168 1123 1229 1161 oum
1242 1106 1354 1175 dieitur,
1366 1105 1438 1173 qnod

245 1203 323 1252 sotor
340 1184 430 1250 iorum
446 1194 487 1250 rei
506 1194 586 1261 sequi
606 1194 698 1262 debet,
716 1192 756 1247 ibi
777 1192 851 1261 „roi‘
870 1198 966 1261 potest
984 1193 1070 1249 etiam
1083 1192 1184 1259 exponi
1197 1210 1246 1261 pro
1260 1209 1355 1259 osusu,
1368 1207 1438 1259 quse

245 1284 283 1338 sit
310 1282 455 1352 genitivus
475 1281 509 1335 do
530 1283 606 1349 „res“
626 1310 660 1321 -
681 1279 754 1348 „rei‘
774 1287 804 1335 et
823 1296 878 1334 non
896 1286 992 1335 tomen
1010 1281 1044 1336 de
1072 1286 1168 1348 „reus“
1194 1312 1228 1320 —
1252 1280 1335 1347 „rei“,
1361 1279 1437 1334 siout

245 1374 326 1437 putet
343 1369 373 1423 in
391 1384 476 1423 cause
494 1367 644 1434 praesenti.

351 1459 400 1511 107
419 1456 459 1509 In
477 1454 563 1509 fine:
583 1455 725 1511 Seculare.
744 1454 809 1510 (lod.
831 1456 875 1507 A:
895 1454 986 1509 oivile.

349 1546 400 1599 142
418 1542 528 1599 Mortuo
542 1541 638 1610 judice
657 1541 687 1596 In
706 1542 738 1597 R.
760 1572 789 1581 --
811 1541 877 1596 Cod.
896 1543 943 1597 K:
964 1542 1074 1596 Mortuo
1096 1541 1157 1595 oive
1175 1542 1207 1595 in
1225 1542 1259 1595 R.

351 1634 401 1685 149
421 1631 460 1685 In
478 1629 563 1684 line:
583 1630 632 1684 der
651 1630 684 1684 do
702 1631 811 1684 bewsrt
830 1628 900 1683 wird
919 1628 986 1683 ader
1004 1626 1052 1682 ist.
1087 1651 1092 1662 ¹

350 1720 409 1771 179.
429 1716 485 1770 Tit.
504 1721 622 1771 reete:
643 1717 685 1770 De
705 1716 807 1770 debitis
828 1732 909 1771 ossus
928 1716 1088 1771 intricatus.

349 1807 408 1859 206.
428 1804 498 1856 Post
509 1803 623 1857 verbnm
637 1804 815 1871 „voluntate“
832 1803 931 1858 addo:
945 1804 1025 1857 Unde
1037 1820 1092 1857 non
1105 1808 1217 1869 oportet
1228 1802 1315 1857 olioui
1326 1802 1440 1856 trudere

243 1908 357 1967 uxorem
366 1897 396 1945 et
405 1896 503 1956 postes
512 1896 545 1943 ut
559 1890 719 1944 dotalitium
727 1890 884 1961 promittet,
897 1892 1061 1957 compellere
1080 1889 1128 1945 vie
1134 1890 1216 1961 Juris.
1227 1889 1439 1959 (Kuttenberg.)

349 1980 409 2033 342.
427 1977 467 2052 Et
485 1981 529 2030 est
546 1978 689 2043 responsio
708 2008 740 2017 -
758 1983 872 2032 reete:
891 1978 930 2030 Et
948 1982 992 2032 est
1009 1978 1092 2032 ratio.

349 2066 412 2134 Peg
426 2066 487 2119 172:
502 2064 554 2131 Qui
567 2068 682 2119 vetante
691 2065 787 2134 judice
800 2065 930 2120 sentit-
941 2070 1053 2120 reete:
1067 2064 1119 2133 Qui
1132 2070 1249 2120 vetante
1255 2064 1351 2134 jndice
1361 2064 1439 2117 isoit.

349 2155 408 2205 417.
428 2150 485 2204 Tit.
505 2152 639 2206 Aooessor
658 2180 691 2191 -
709 2158 820 2207 reete:
840 2153 1007 2206 Prueoessor
1027 2154 1219 2222 (Antecessor)

349 2242 410 2296 443.
429 2239 502 2293 Item
521 2239 546 2292 si
559 2239 673 2308 juretus
692 2239 796 2295 dixerit
816 2271 845 2279 -
866 2246 975 2294 reete:
995 2240 1019 2294 si
1035 2237 1134 2310 jurans
1154 2240 1266 2295 direrit.
1408 2258 1437 2293 a

343 2326 484 2395 -Pagnou
503 2326 569 2393 Oop.
598 2325 632 2380 do
661 2325 901 2396 Obligationibus:
929 2328 963 2380 In
991 2326 1089 2393 quibus
1118 2328 1178 2382 dies
1195 2343 1251 2381 non
1269 2322 1382 2393 ponitur
1406 2355 1441 2364 -

251 2413 349 2468 adde:
366 2412 508 2480 praesenti
527 2412 572 2467 die
591 2412 716 2470 debetur.
1239 2419 1241 2423 ⁴

351 2504 409 2555 600.
429 2498 485 2554 Tit.
505 2501 547 2554 De
565 2500 729 2567 proscriptis
748 2502 778 2556 in
795 2518 873 2569 spem
892 2532 924 2542 -
943 2508 1051 2556 reete:
1074 2503 1104 2556 in
1123 2503 1223 2570 speeie.

750 2672 944 2745 Addends.

503 2767 687 2879 Sententiae
708 2813 906 2899 Iplooieuses
932 2822 975 2899 (p.
997 2814 1196 2888 nee-363).
1246 2762 1250 2769 Ι

353 2952 376 3003 1.
395 2951 491 3004 Adde
509 2950 543 3005 in
561 2950 656 3005 fine:
677 2952 743 3021 (Igl.
761 2952 838 3006 VIII.
858 2956 874 3022 ξ
892 2957 917 3007 4.
936 2956 974 3021 5).

352 3038 376 3091 I.
395 3037 488 3091 Adde
506 3036 541 3091 in
559 3037 644 3092 fine:
665 3038 755 3107 (VIII.
776 3041 791 3107 ᾗ
811 3040 849 3105 6.)

351 3128 375 3178 3.
394 3124 487 3177 Adde
506 3124 540 3177 in
565 3123 645 3179 fine:
666 3124 733 3194 (LX.
755 3126 771 3193 ξ
790 3125 828 3192 2)

353 3212 392 3262 12.
412 3210 500 3263 Loco
520 3210 689 3279 „sohibung“
711 3226 797 3276 pone
819 3212 982 3278 „sohuben“.

353 3296 798 3367 12.Addoinfine:(LX11t

352 3385 392 3436 16.
412 3382 504 3436 Adde
526 3384 562 3437 in
580 3384 666 3438 siue:
692 3384 766 3453 (LII,
786 3384 878 3452 LIII.)

351 3472 392 3522 21.
412 3470 503 3523 Adde
522 3469 556 3525 iu
574 3471 662 3526 fine:
684 3472 757 3539 (XII,
777 3471 848 3525 XIII
876 3477 893 3541 p·
913 3475 934 3525 l.
954 3476 991 3541 2.)

352 3558 386 3610 22
413 3557 509 3611 Adde
528 3558 662 3613 influe:
683 3558 797 3628 (LVII.)

351 3646 393 3696 64.
412 3644 504 3698 Adde
522 3644 559 3698 in
576 3644 662 3698 fiue:
682 3646 765 3714 (257.)

352 3732 393 3782 91.
413 3730 505 3785 Adde
525 3731 559 3784 in
581 3731 665 3786 fine:
686 3732 754 3802 (96.)

352 3818 394 3867 92.
413 3816 507 3871 Adde
526 3818 560 3871 iu
582 3817 670 3873 fine:
691 3818 792 3886 (XVI.)

353 3903 411 3955 104.
430 3903 524 3957 Aroe
545 3890 580 3958 tn
598 3906 687 3959 fine:
707 3906 789 3976 (rso.)

267 3992 270 3999 ’
354 3991 412 4044 144.
438 3991 507 4045 Post
534 3994 648 4047 titulum
676 3994 777 4047 adde:
807 3994 890 4051 Cives
916 3996 1094 4051 Colonienses
1124 4000 1298 4068 seripserunt
1324 4002 1377 4055 sio:
1405 4002 1441 4055 od
1537 3974 1540 3977 ⁴

248 4081 371 4129 vestrum
391 4082 448 4130 eto.

743 4377 798 4412 111Ἆ
831 4389 838 4399 ²
908 4402 912 4408 ι
942 4394 948 4403 ‘

738 4418 747 4451 ι’
786 4419 796 4448 »¹
873 4420 887 4445 ἱι
922 4421 930 4435 ‘

742 4423 832 4490 1....
869 4454 885 4497 2

816 4524 825 4546 ι’
884 4536 889 4544 ι

769 4552 783 4569 Ι
810 4550 817 4576 y*
910 4575 916 4584 ν

805 4582 810 4592 r

755 4570 798 4625 *),
839 4607 845 4620 ,
894 4619 920 4635 »-
