3275 5009
599 321 762 373 Sententiae
782 320 967 387 lglavicnses.
1324 322 1377 375 319

183 526 317 611 fuerint,
334 527 602 609 compositionem
619 528 729 593 adhuc
745 528 971 611 admittentes,
981 528 1086 611 judici
1098 529 1219 595 cedent
1237 528 1383 611 quinque

185 650 324 697 marcae.
352 631 506 717 (XLVI.)

288 737 335 801 Et
351 743 525 818 postquam
544 738 663 803 vulnus
677 740 735 801 aut
747 736 957 803 homicidium
969 735 1120 818 ejuratis
1132 736 1383 804 rationabiliter

181 852 376 908 accusatum
392 840 505 925 fuerit,
519 842 663 907 duellum
676 841 724 907 sic
738 849 789 908 est
802 832 1028 908 indicendum:
1045 841 1240 907 (lausidieus
1257 844 1384 909 actoris

182 946 230 1013 sic
258 947 361 1012 dicat:
400 947 610 1028 ,Conqueror
633 947 704 1011 Deo
729 952 764 1012 et
787 948 870 1013 dom.
893 946 966 1031 regi
989 951 1024 1011 et
1047 947 1151 1030 vobis,
1174 949 1257 1012 dom.
1278 948 1382 1029 iudex

180 1057 215 1118 et
235 1052 358 1134 jnratis
382 1050 511 1117 civibus
545 1050 712 1120 universis
747 1056 814 1115 tam
852 1049 1051 1132 pauperibus
1087 1069 1182 1130 quam
1218 1052 1380 1118 divitibus

184 1155 343 1239 omnibus,
371 1156 426 1236 qui
450 1173 532 1237 pace
557 1160 592 1220 et
613 1156 723 1237 gretia
754 1156 803 1219 uti
827 1155 1030 1237 desiderant,
1049 1157 1136 1234 quod
1160 1153 1268 1242 (talis)
1291 1156 1385 1222 venit

182 1264 224 1328 ad
252 1261 356 1326 locum
383 1259 515 1345 (illum),
538 1260 595 1325 nbi
627 1278 718 1325 meus
750 1259 875 1324 amicus
907 1258 1015 1344 (talis)
1044 1278 1159 1340 pacem
1183 1267 1217 1324 et
1241 1260 1383 1343 gratiam

180 1366 306 1431 habere
330 1365 446 1430 debuit
471 1371 505 1431 et
528 1364 561 1429 in
585 1383 623 1430 eo
647 1364 788 1429 violavit
811 1382 926 1445 pacem
950 1363 1023 1443 Dei,
1045 1363 1135 1446 regis
1152 1369 1187 1429 et
1206 1370 1330 1445 terrae,
1347 1371 1382 1430 et

180 1470 350 1551 percussit
373 1468 405 1534 ei
427 1468 640 1535 manifestum
665 1470 785 1534 vulnus
810 1468 920 1544 duelli,
937 1470 1023 1547 quod
1039 1467 1142 1549 jurati
1161 1468 1381 1549 perviderunt

181 1578 216 1640 et
239 1592 299 1655 pro
323 1574 461 1640 vulnere
485 1574 587 1639 duelli
610 1575 844 1639 accusarunt“.
876 1572 912 1639 Si
935 1578 1044 1638 autem
1067 1572 1172 1638 fuerit
1195 1592 1253 1654 pro
1279 1575 1378 1639 homi-

182 1678 278 1761 cidio,
302 1678 351 1745 sic
375 1685 427 1743 est
451 1678 641 1743 dicendum:
670 1678 861 1759 „Percussit
888 1678 920 1743 ei
944 1676 1153 1742 manifestum
1171 1679 1300 1761 vulnus
1317 1697 1377 1759 per

181 1784 269 1862 quod
292 1784 334 1850 de
357 1783 430 1848 vita
452 1782 611 1865 migravit
634 1784 676 1847 ad
699 1787 847 1865 mortem,
871 1783 958 1861 quod
977 1781 1083 1865 jurati
1107 1782 1326 1862 perviderunt
1345 1788 1381 1850 et

183 1907 241 1969 pro
255 1888 392 1955 vulnere
408 1886 510 1952 duelli
526 1892 744 1968 accusaruut3
762 1887 894 1966 quodsi
914 1887 1060 1967 profiteri
1077 1885 1230 1970 voluerit,
1246 1906 1266 1952 a
1285 1888 1380 1953 vobis

178 1991 338 2075 judicium
362 2010 463 2073 super
486 2009 524 2057 eo
548 1990 741 2073 requiritur,
764 1992 824 2057 sed
847 1992 876 2057 si
900 1991 1086 2074 negaverit,
1103 1991 1209 2073 ipsum
1232 1992 1379 2071 profiteri

182 2096 358 2177 compellet
393 2114 464 2161 cum
489 2114 548 2161 suo
572 2114 709 2177 corpore
734 2101 853 2161 contra
876 2112 995 2174 corpus
1019 2095 1099 2177 ejus,
1123 2113 1195 2159 cum
1220 2113 1278 2160 suo
1305 2115 1377 2176 pro-

181 2204 369 2283 pugnatore
393 2204 509 2265 contra
533 2219 635 2283 suum,
660 2218 732 2265 cum
756 2200 907 2264 omnibus
929 2198 1127 2278 attinentiis
1145 2217 1230 2278 quae
1247 2200 1379 2283 dejure

181 2307 223 2370 ad
247 2305 392 2371 duellum
415 2306 594 2388 pertinent,
617 2305 723 2387 ipsum
755 2303 903 2386 profiteri
934 2304 1108 2383 compellet
1132 2302 1240 2386 hodie,
1263 2304 1315 2368 die
1340 2311 1375 2368 et

178 2408 313 2492 jndicio,
336 2410 514 2475 secundum
540 2411 627 2488 quod
646 2407 749 2490 jurati
787 2407 991 2474 dictaverint
1027 2407 1080 2473 vel
1115 2407 1268 2473 consules
1305 2426 1378 2473 oon·

182 2514 359 2581 senserint.
391 2512 437 2578 Et
469 2512 611 2592 requirit
642 2532 661 2578 a
694 2513 797 2591 vobis
829 2515 858 2577 d.
878 2514 989 2596 judex,
1017 2510 1143 2592 justam
1175 2511 1378 2577 sententiam

183 2618 246 2683 sibi
268 2617 360 2701 ferri,
383 2619 412 2683 si
437 2617 545 2683 duello
568 2616 684 2683 taliter
707 2617 813 2698 ipsum
838 2615 1049 2698 salutaverit,
1071 2618 1157 2695 quod
1182 2615 1290 2682 duello
1315 2617 1379 2682 sibi

181 2724 385 2804 respondere
409 2724 594 2788 teneatur.“
621 2721 773 2809 (XLVI.)

287 2846 364 2911 121.
388 2844 462 2927 Wy
486 2863 574 2909 man
599 2842 726 2909 einen
755 2847 882 2909 toten
916 2845 1109 2925 besagen
1145 2842 1217 2906 sol.
1241 2842 1311 2908 Das
1334 2843 1379 2908 ist

185 2946 293 3030 kegen
316 2948 443 3013 Rouaw
466 2947 603 3031 getailt:
636 2948 688 3012 An
713 2946 818 3012 einem
844 2951 938 3012 totcn
962 2964 1038 3028 mag
1071 2965 1145 3011 man
1180 2944 1275 3011 nicht
1310 2965 1380 3012 mer

183 3050 427 3131 kampwunden
461 3055 608 3135 hosagen
636 3055 724 3118 dcun
757 3070 860 3133 eyne3
895 3069 965 3117 was
995 3052 1055 3116 der
1084 3052 1213 3116 andern
1236 3054 1388 3135 wunden

183 3156 263 3237 sein,
288 3156 347 3219 das
371 3155 439 3219 sint
462 3157 544 3222 alles
567 3157 746 3237 plutrunst.
771 3154 876 3241 (144.)

287 3278 362 3343 122.
398 3280 470 3360 Wy
500 3297 593 3345 man
625 3279 939 3362 kampwundcn
973 3277 1038 3341 sol
1073 3281 1263 3361 hosagen
1309 3278 1379 3343 Das

182 3380 228 3446 ist
251 3383 336 3445 auch
359 3380 413 3447 hie
437 3383 572 3466 getailt:
598 3387 745 3452 Wurden
770 3385 876 3449 einem
901 3400 976 3446 man
1000 3382 1080 3462 drei,
1106 3381 1177 3447 viar
1201 3383 1281 3447 oder
1310 3401 1380 3447 mer

183 3484 425 3567 kampwunden
445 3488 614 3573 geslagen,
634 3489 744 3555 czeiht
761 3507 797 3553 er
814 3486 964 3551 diselben
979 3486 1121 3551 wanden
1136 3486 1186 3550 als
1203 3486 1378 3552 manichen

183 3608 271 3654 man:
295 3590 345 3655 als
369 3590 416 3657 vil
439 3610 477 3657 er
499 3595 642 3658 wanden
665 3593 732 3675 hat,
757 3594 827 3657 also
852 3592 912 3655 das
928 3609 966 3655 er
981 3590 1128 3672 iglichen
1146 3589 1239 3655 einer
1255 3592 1379 3656 czeiht:

184 3692 238 3759 ein
262 3692 420 3760 iczlicher
443 3714 514 3761 mus
537 3716 591 3779 ym
614 3699 690 3761 umb
708 3696 761 3760 ein
777 3696 1022 3775 kampwunden
1039 3698 1235 3759 antwurten.
1260 3695 1379 3761 Ozeiht

184 3814 221 3862 er
244 3798 325 3862 aber
349 3800 409 3865 der
430 3802 574 3865 wunden
597 3800 680 3865 aller
703 3799 801 3865 einen
825 3818 908 3880 man,
929 3800 989 3863 der
1010 3802 1193 3863 antwortet
1216 3817 1280 3865 nur
1303 3802 1378 3865 umb

185 3900 239 3966 ein
262 3902 507 3982 kampwuuden
530 3922 560 3968 u.
584 3905 617 3969 di
641 3904 768 3968 andern
790 3904 943 3985 munden,
972 3902 1015 3966 wi
1041 3901 1085 3966 vil
1107 3902 1137 3966 ir
1160 3902 1243 3986 sein,
1266 3922 1378 3970 weren

183 4023 244 4070 czu
267 4007 445 4086 plutrunst.
470 4009 564 4074 Nooh
588 4008 694 4074 einem
718 4013 812 4073 toton
838 4025 912 4088 mag
928 4024 1003 4070 man
1020 4008 1100 4070 aber
1115 4025 1178 4071 nur
1194 4007 1248 4071 ein
1264 4008 1379 4090 kamp-

183 4112 326 4176 wunden
349 4111 498 4195 gelegen,
523 4132 575 4195 wy
600 4133 675 4179 man
698 4132 737 4196 sy
760 4116 832 4194 legt
865 4109 922 4176 aui
949 4113 1022 4192 den,
1057 4113 1117 4175 der
1150 4113 1216 4177 den
1251 4114 1379 4197 totslag

184 4217 286 4297 getan
308 4215 367 4279 hat
390 4218 471 4281 ader
494 4218 555 4283 auf
573 4219 671 4284 einen
694 4220 838 4296 undern3
869 4234 921 4299 wy
955 4217 1001 4282 vil
1024 4217 1084 4279 der
1106 4198 1217 4280 ander'
1234 4220 1378 4283 wunden

184 4317 266 4403 sein,
288 4318 322 4382 di
345 4320 481 4387 werden
503 4323 568 4389 alle
592 4343 652 4389 czu
674 4325 847 4404 plutrunst
870 4321 1036 4403 geachtet.
1062 4319 1164 4405 (146.)
