3275 5009
221 366 256 419 88
625 441 629 446 ι
736 364 902 417 Sententiae

222 573 265 637 ad
288 571 428 638 medium
451 571 614 637 fertonem
638 574 804 648 aestimat,
827 572 988 654 percepit.
1022 572 1069 640 lit
1100 572 1282 654 quaeritur,
1305 576 1414 637 utrum

222 677 361 760 dejure
385 693 458 740 oum
481 676 570 742 dolio
593 677 718 742 dictum
742 679 806 744 sibi
838 680 1013 758 dampnum
1040 676 1164 743 Paulus
1196 695 1262 742 non
1292 677 1420 742 habeat

222 780 410 846 resarcire?
423 780 546 846 Paulus
559 798 639 847 vero
652 781 824 849 confessus
838 785 879 848 de
895 782 982 847 dolio
997 781 1119 862 petivit
1130 779 1194 844 sibi
1202 778 1415 860 justitialiter

222 883 352 966 dietari,
390 892 500 949 utrm
539 905 597 967 pro
635 888 777 967 dampno
811 892 968 953 teneatur
1001 883 1229 968 respondere?
1267 884 1318 948 De
1351 901 1414 962 quo

221 994 391 1068 tamquam
410 989 497 1072 juris
520 990 630 1072 ignari
654 991 798 1073 petimus
826 991 1007 1058 informari.
1038 989 1084 1055 Et
1115 991 1203 1070 dato,
1234 991 1319 1068 quod
1349 1007 1415 1052 non

221 1097 378 1159 teneatur
415 1097 626 1178 respondere,
665 1100 746 1160 tunc
780 1098 928 1162 secundo
962 1095 1104 1178 petimus
1140 1092 1281 1175 edoceri,
1306 1098 1416 1158 utrum

222 1195 418 1278 simpliciter
442 1216 500 1279 pro
524 1199 623 1280 nullo,
648 1201 700 1265 vel
725 1201 854 1284 saltem,
879 1203 907 1265 01
930 1200 1064 1280 aliquod
1086 1200 1132 1265 sit
1155 1200 1341 1278 dampnum,
1357 1213 1415 1278 pro

223 1319 286 1381 quo
321 1303 363 1365 ad
394 1307 515 1368 motam
547 1303 785 1381 querimoniam
816 1305 941 1372 actoris
972 1322 1050 1370 reus
1082 1305 1205 1369 debeat
1236 1302 1417 1368 secundum

218 1405 385 1487 Justitiam
408 1406 639 1488 respondere?

327 1509 487 1593 Quibus
519 1512 569 1574 ad
593 1513 767 1591 primum
796 1531 1048 1594 responsum
1079 1501 1182 1576 fuit:
1213 1509 1316 1604 Quod,
1339 1507 1415 1588 quia

221 1615 344 1681 Petrus
367 1614 564 1694 simpliciter
580 1621 781 1696 conquestus
799 1623 853 1683 est
869 1619 909 1683 de
927 1619 1077 1698 dampno,
1093 1633 1158 1681 101
1175 1615 1416 1694 111010010110,

222 1721 309 1798 quod
343 1719 467 1784 Paulus
501 1721 678 1801 dampnum
713 1721 777 1787 sibi
811 1720 1001 1803 promiserit
1035 1719 1220 1800 refundere,
1257 1717 1415 1784 restituto

222 1823 308 1890 dolio
339 1842 404 1889 non
438 1828 575 1890 tenetur
605 1842 664 1906 pro
695 1827 836 1908 dampno
865 1827 1087 1908 respondere3
1116 1824 1204 1888 unde
1236 1822 1323 1887 sicut
1352 1840 1418 1887 non

221 1929 427 2011 generaliter
449 1947 508 2010 pro
532 1929 618 1994 omni
643 1932 785 2012 dampno
809 1932 988 1997 exhibetur
1010 1929 1117 1995 001011
1129 1927 1271 2010 justitia,
1286 1927 1336 1993 sic
1351 1943 1416 1990 non

221 2051 312 2098 reum
335 2037 468 2113 oportet
491 2033 532 2096 01
557 2051 683 2098 omnem
707 2034 944 2112 querimoniam
962 2053 1021 2115 pro
1041 2036 1181 2115 dampno
1198 2032 1417 2112 respondere3

222 2137 348 2204 lucrum
386 2136 473 2203 enim
518 2141 553 2202 01
595 2140 770 2218 dampnum
815 2137 1044 2204 laborantibus
1090 2137 1124 2201 in
1168 2133 1416 2217 temporalibus,

221 2258 320 2305 casus
353 2239 484 2305 fortuiti
515 2247 763 2307 consueverunt
792 2242 975 2321 provenire,
1008 2259 1067 2322 pro
1098 2240 1219 2319 quibus
1235 2232 1237 2236 ’
1252 2240 1344 2305 velut
1377 2239 1417 2302 10

221 2343 342 2409 futuris
367 2345 638 2426 contingentibus
662 2346 780 2410 haberi
801 2364 868 2411 non
894 2346 1017 2428 poterit
1041 2344 1218 2410 certitudo.

328 2449 380 2512 Ad
403 2450 632 2513 secundum
648 2467 736 2530 vero,
756 2468 815 2531 per
831 2452 917 2529 quod
934 2468 1007 2515 cum
1024 2448 1139 2532 generi
1156 2450 1337 2530 derogetur
1354 2463 1415 2526 per

223 2549 367 2631 speciem
381 2554 521 2630 quodam
533 2554 627 2616 modo
640 2553 859 2636 restringitur
872 2548 1416 2636 1111111110010101111111111101

223 2653 257 2718 in
280 2655 407 2719 duobus
432 2656 566 2720 casibus
590 2657 768 2738 praecipue
792 2660 892 2723 debet
915 2657 1022 2722 001011
1046 2675 1104 2738 pro
1129 2659 1270 2737 dampno
1281 2653 1416 2735 jnstitia

223 2777 287 2824 non
319 2758 444 2840 negari,
475 2764 509 2824 01
533 2777 610 2824 rens
634 2761 675 2823 ad
700 2761 772 2842 ejus
796 2761 1018 2841 querimonias
1042 2761 1255 2841 respondere,
1280 2776 1417 2837 quorum

221 2881 347 2944 pr1mus
371 2870 424 2928 001
448 2882 506 2944 pro
538 2865 678 2944 dampno
711 2865 914 2930 hereditario
945 2870 979 2930 01
1002 2865 1168 2930 secundus
1192 2881 1251 2944 pro
1275 2865 1416 2942 dampno

222 2967 392 3047 promisso,
422 2968 484 3031 hoo
524 2975 577 3032 est
613 2968 797 3050 vulgariter
834 2969 973 3035 dicendo
1007 2987 1079 3050 „vm
1110 2966 1318 3032 erbschaden
1351 2968 1417 3033 111

221 3088 275 3135 vm
299 3071 456 3152 gelobten
479 3071 655 3136 schaden·‘.
692 3072 785 3137 Vnde
816 3072 846 3136 si
870 3076 964 3137 actor
991 3070 1215 3154 conqueritur,
1243 3072 1329 3149 quod
1357 3087 1418 3151 per

221 3174 511 3253 depopulationem
534 3175 658 3239 1001011
680 3175 715 3239 11
736 3177 829 3257 agris
853 3175 930 3257 suis,
962 3180 1121 3255 quantum
1151 3176 1195 3240 ad
1224 3179 1277 3239 tot
1307 3174 1417 3239 sulcos

221 3278 276 3344 vel
300 3286 351 3342 tot
370 3281 490 3361 jugera
513 3279 632 3357 aliquis
665 3281 836 3345 annuatim
866 3279 1155 3362 dampnificaverit
1186 3297 1269 3356 eum,
1302 3277 1337 3342 in
1366 3281 1418 3342 101

221 3383 276 3447 vel
299 3389 350 3446 101
373 3382 490 3447 modiis
512 3401 672 3464 annonae,
696 3401 779 3462 quas
804 3384 1022 3465 percepisset,
1047 3382 1075 3447 si
1099 3382 1206 3448 dictos
1230 3382 1341 3448 sulcos
1363 3381 1418 3446 vel

217 3486 338 3568 jugera
369 3487 436 3551 suis
469 3487 649 3553 seminibus
680 3488 899 3567 seminasset,
929 3489 983 3552 vel
1014 3487 1042 3551 si
1074 3485 1299 3567 conqueritur,
1331 3485 1418 3564 quod

220 3588 351 3654 vicinus
386 3590 581 3671 imponendo
616 3589 867 3658 tundamentum
898 3610 956 3672 pro
987 3596 1160 3656 structura
1191 3591 1305 3654 domus
1336 3605 1418 3653 suae

219 3691 342 3759 limites
366 3711 445 3758 0100
470 3695 625 3774 propriae
650 3697 791 3760 excedat
808 3701 843 3761 et
861 3694 1007 3776 cespites
1024 3693 1076 3759 sui
1092 3693 1257 3760 territorii
1272 3695 1414 3774 rumpat,

220 3795 274 3860 vel
297 3797 460 3876 parietem
484 3798 664 3877 specialem
688 3819 746 3879 pro
771 3818 832 3863 sua
855 3802 959 3880 domo,
983 3799 1071 3864 siout
1094 3798 1166 3880 ipse
1189 3816 1251 3863 sua
1274 3795 1418 3877 pecunia

159 3927 162 3931 >
220 3902 454 3983 construxerit,
482 3900 594 3967 facere
625 3904 845 3980 contradicat,
877 3904 930 3970 vel
962 3902 1134 3968 stillicidia
1165 3902 1250 3967 10011
1282 3900 1335 3965 sui
1357 3917 1419 3980 per

220 4005 337 4072 canale
368 4004 536 4086 proprium
566 4007 608 4071 01
632 4012 819 4073 contratam
844 4013 879 4072 01
902 4009 1046 4088 plateam
1077 4005 1242 4087 publicam
1276 4005 1418 4070 educere

117 4186 120 4190 A
219 4125 284 4172 non
314 4114 418 4189 curet,
449 4111 489 4174 de
520 4129 582 4188 quo
608 4113 782 4192 dampnum
807 4111 988 4193 percipiat:
1012 4111 1045 4175 in
1071 4110 1130 4175 tali
1157 4127 1236 4174 casu
1261 4115 1296 4175 01
1319 4107 1419 4172 simili

218 4213 319 4277 debet
350 4215 567 4292 conquerenti
592 4215 728 4296 jnstitia
752 4217 903 4282 exhiberi
928 4224 962 4281 et
985 4233 1063 4281 rens
1088 4231 1169 4279 suae
1192 4211 1419 4291 querimoniae

218 4319 429 4397 respondere.
