3275 5009
667 388 835 441 Brnnenses.
1297 388 1349 440 189

154 615 216 677 quo
246 598 359 665 esuis
391 597 663 680 progenitoribus
694 603 747 664 est
776 598 971 680 instructus,
1001 599 1057 667 vel
1088 597 1132 688 si¹
1150 598 1253 675 malit,
1285 600 1347 664 snb

152 700 216 785 illo,
238 703 325 782 quod
348 701 423 785 plns
446 701 589 777 usitavit
613 707 650 780 ot
671 704 758 782 quod
782 702 969 784 expeditius
995 701 1087 783 loqui
1109 706 1240 784 potest3
1270 704 1347 767 dnm

38 809 39 812 ’
152 812 264 872 tamen
298 823 339 872 ex
370 805 614 887 protestatione
648 807 843 888 praemissa,
876 812 1058 887 antequam
1091 807 1184 873 levet
1213 824 1347 873 manum

153 911 205 978 val
227 927 358 977 crucem
385 912 513 993 tanget,
545 909 756 980 diffinitivam
788 911 829 978 de
860 911 923 978 hoo
952 910 1157 995 sententiam
1187 910 1349 994 petiverit

153 1033 210 1096 pro
233 1031 271 1079 se
293 1012 384 1080 ferri.
1185 1029 1188 1035 ·

253 1174 327 1240 456.
358 1172 409 1235 Da
432 1173 619 1254 juramento
645 1192 712 1255 pro
741 1172 875 1256 antiqno
898 1181 929 1235 ot
954 1173 1131 1235 inveterato
1161 1171 1347 1234 homicidio.

153 1275 185 1342 Si
208 1277 304 1343 homo
336 1274 512 1359 impetitur
544 1274 686 1358 simplici
718 1275 927 1356 querimonia
957 1295 1019 1358 pro
1051 1274 1237 1360 homicidio,
1266 1276 1346 1340 ante

154 1381 271 1448 nultos
294 1399 398 1448 annos
433 1384 637 1464 perpetrato,
668 1380 725 1447 vel
756 1380 790 1446 in
823 1380 890 1446 alio
920 1380 1046 1467 jndicio
1078 1380 1260 1464 commisso,
1292 1379 1349 1445 vel

38 1559 40 1562 ,
153 1486 245 1570 cujus
268 1485 365 1552 funus
398 1493 434 1551 et
468 1485 570 1552 occisi
603 1485 743 1552 vulnera
775 1486 877 1570 jurati
908 1505 975 1553 non
1006 1485 1257 1568 perspexerint:
1290 1483 1347 1550 ille

151 1589 292 1680 simplici
303 1591 492 1674 juramento
509 1608 545 1656 se
561 1589 764 1674 expurgabit
779 1594 814 1657 et
833 1590 996 1674 ,bolnng“
1015 1589 1162 1657 habebit.
1186 1589 1232 1656 Et
1258 1589 1346 1656 simi·

150 1695 227 1762 liter
249 1695 460 1778 intelligatur
484 1697 526 1761 de
551 1695 885 1778 „heymsnechunge“
910 1701 945 1760 et
967 1713 1109 1762 excessu
1131 1693 1273 1775 aequali.

254 1853 327 1918 457.
357 1851 409 1914 Do
424 1853 623 1936 juramento,
655 1852 740 1934 quod
768 1854 800 1912 si
829 1873 900 1914 cnm
929 1861 996 1914 tota
1027 1873 1125 1914 manu
1148 1854 1250 1936 jacrat.
1282 1849 1348 1932 Qui

152 1973 223 2022 cnm
238 1956 385 2037 quinque
401 1954 527 2040 digitis,
542 1956 573 2023 h.
589 1974 617 2022 e.
634 1974 708 2022 cum
723 1958 797 2022 tota
814 1974 921 2033 manu,
937 1974 1047 2023 coram
1058 1955 1184 2038 jndicio
1200 1955 1343 2022 levando

150 2061 204 2126 vel
225 2061 259 2126 in
282 2079 390 2143 ornos,
413 2078 480 2126 non
503 2077 545 2126 ex
571 2059 745 2142 protervia
776 2064 877 2126 etex
900 2059 1178 2142 praesumptione,
1211 2060 1271 2125 sed
1304 2077 1348 2126 ox

152 2163 315 2232 oblivione
342 2165 397 2230 vel
428 2182 469 2230 ex
499 2163 566 2231 alia
595 2164 804 2248 negligentia
829 2166 1055 2248 juramentum
1078 2162 1217 2230 fecerit:
1247 2181 1346 2244 quum

150 2270 250 2354 major
271 2287 428 2335 numerus
451 2269 609 2334 minorem
632 2267 791 2351 includat,
816 2286 889 2334 oum
912 2270 1040 2334 dnobus
1072 2268 1188 2352 digitis
1205 2265 1347 2352 'Jnravit

150 2390 210 2439 neo
231 2377 284 2438 est
307 2374 495 2439 censendus
517 2373 603 2438 male
622 2373 766 2456 jnrasse.
797 2373 833 2439 Si
855 2376 967 2438 tamen
997 2371 1134 2437 formam
1162 2371 1346 2453 juramenti

150 2495 214 2543 non
235 2477 395 2559 servavit,
423 2478 511 2544 unde
542 2477 737 2543 adversario
769 2477 960 2558 excipiente
993 2476 1155 2560 „holung“
1188 2474 1350 2557 perdidit,

151 2586 186 2646 et
208 2583 247 2647 de
269 2599 366 2665 novo,
387 2581 476 2648 siout
499 2585 693 2647 consuetum
718 2585 771 2648 est
794 2580 878 2663 fieri,
896 2580 1033 2664 jurabit.

251 2747 324 2813 458.
352 2743 514 2816 Quomodo
531 2743 647 2830 formo
661 2747 806 2830 jurandi
828 2747 873 2808 sit
890 2747 1116 2831 proponenda.
1146 2745 1341 2811 Advocatus

150 2850 292 2933 jurantis
316 2850 420 2916 debet·
441 2867 515 2916 eum
537 2851 579 2916 de
601 2848 707 2916 forma
726 2848 866 2934 jnrandi
889 2867 999 2916 coram
1024 2848 1158 2933 jnratis,
1185 2848 1345 2915 audiente

155 2954 353 3036 adversario,
376 2951 564 3036 informare,
581 2957 616 3019 et
634 2955 736 3020 debet
751 2973 883 3038 semper
898 2954 933 3020 in
949 2955 1064 3021 eadem
1079 2953 1185 3018 forma
1201 2970 1346 3034 causam,

156 3075 209 3136 pro
231 3075 295 3137 qne
324 3058 468 3141 jnratur,
499 3056 692 3138 aliqualiter
723 3062 882 3141 tangere;
914 3062 1027 3140 potest
1058 3058 1160 3123 etiam
1192 3057 1259 3140 ille,
1291 3054 1346 3120 cni

153 3160 285 3242 juratur,
320 3159 445 3226 dictam
474 3159 750 3244 informationem,
789 3162 819 3228 si
848 3161 1044 3228 defectuosa
1073 3161 1186 3245 fuerit,
1217 3180 1277 3244 per
1309 3179 1346 3227 se

156 3264 205 3330 vel
226 3283 286 3347 per
309 3265 508 3332 advocatum
532 3281 626 3330 snum
648 3264 899 3332 rationabiliter
920 3267 1110 3332 emendare.

250 3440 324 3506 459.
346 3437 397 3502 De
413 3441 597 3523 juramenti
618 3441 780 3503 evidentia
803 3449 835 3503 at
855 3439 1058 3524 probatione.
1089 3442 1187 3508 Licet
1209 3460 1276 3507 non
1299 3443 1346 3508 sit

155 3545 265 3626 tutum,
293 3543 435 3624 aliquem
465 3542 581 3610 venire
613 3548 732 3610 contra
758 3546 985 3630 juramentum
1015 3565 1119 3629 snum,
1148 3563 1211 3612 nec
1242 3545 1344 3611 etiam

152 3645 274 3728 jndices
306 3651 341 3714 et
360 3647 475 3730 jnrati,
507 3665 549 3713 ne
572 3651 705 3713 actores
735 3649 862 3731 perjuri
892 3649 1081 3735 videantur,
1115 3649 1216 3716 alicui
1247 3667 1343 3730 prae·

156 3751 228 3816 bere
251 3753 397 3818 debeant
419 3750 593 3818 materiam
612 3751 769 3818 veniendi
792 3759 909 3819 contra
924 3755 1095 3836 proprium
1108 3754 1344 3837 juramentum.

158 3851 190 3917 Si
213 3855 334 3936 aliquis
354 3853 560 3936 judicialiter
582 3854 757 3936 impetitus
779 3853 891 3940 tuerit,
914 3861 1002 3938 quod
1029 3878 1095 3928 non
1116 3864 1232 3926 servat
1250 3859 1343 3943 jnra-

157 3962 292 4025 mentum
307 3975 453 4042 vergens
469 3957 502 4024 in
519 3958 693 4025 interitum
709 3959 829 4026 salutis
841 3966 1012 4046 aeternae,
1027 3982 1128 4045 snper
1147 3965 1343 4044 quaestione

156 4057 332 4145 hujusmodi
356 4067 409 4129 est
433 4061 541 4130 actori
563 4062 694 4146 justitia
717 4062 918 4147 simpliciter
941 4068 1149 4153 deneganda.

250 4235 322 4302 460.
345 4235 397 4300 De
411 4239 548 4321 jurante
571 4246 725 4318 quantum
750 4237 794 4301 ad
816 4242 1036 4306 accessorium.
1063 4242 1128 4326 Qui
1152 4261 1212 4324 pro
1233 4261 1344 4310 acces·

159 4337 246 4404 soriis
269 4344 303 4406 et
325 4338 561 4423 incidentibus,
584 4359 605 4406 a
628 4341 748 4421 quibus
771 4346 884 4409 tamen
905 4343 990 4409 facti
1012 4347 1211 4430 principalis
1227 4351 1344 4417 confir·
