3275 5009
1303 348 1640 402 Brunenses.
1785 327 1790 331 ⁵
2598 344 2670 397 75

272 560 387 625 sed
433 557 657 640 ipsius
702 557 1037 624 censualis
1084 557 1383 639 plenarie
1429 554 1778 623 residebit.
1832 553 2229 637 (Residuum
2269 569 2428 618 vero
2468 550 2671 617 istius

265 662 592 729 materiae
636 678 885 742 quaere
930 659 1210 727 inferius
1262 661 1386 742 „de
1430 658 1766 741 emptione
1812 661 1884 724 et
1913 656 2320 740 venditione,
2367 659 2440 722 et
2488 655 2693 752 locas

268 766 468 851 tione,
518 764 953 849 emphiteosi“
1007 771 1077 831 et
1122 762 1623 848 consimilibus.)

720 953 1221 1036 Capitulum
1263 952 1399 1019 XI:
1464 951 1582 1019 De
1628 949 2228 1017 citationibus,

470 1092 626 1159 125.
672 1091 763 1156 De
809 1092 1117 1156 citatione
1164 1100 1225 1155 et
1266 1091 1599 1156 vocatione
1657 1091 1729 1153 in
1774 1092 1904 1174 jus.
1964 1088 2215 1156 citatio
2271 1093 2342 1155 et
2400 1088 2668 1155 vocatio

266 1194 332 1261 in
368 1196 504 1281 juS,
554 1212 730 1277 quae
774 1214 939 1264 voce
986 1194 1302 1279 preconia
1345 1193 1495 1262 fieri
1539 1194 1733 1278 solet,
1798 1192 1869 1260 in
1932 1210 2136 1260 causa
2182 1191 2517 1275 pecuniali
2561 1196 2674 1280 est

267 1299 738 1383 peremptoria,
783 1306 863 1366 ut
906 1305 1229 1381 parcatur
1271 1298 1609 1366 laboribus
1656 1298 1946 1380 partium
2003 1302 2073 1363 et
2122 1295 2459 1379 expensis.

397 1440 400 1442 ·
469 1404 650 1471 Item
694 1406 777 1470 de
824 1402 1146 1471 citatione
1191 1403 1375 1471 facta
1404 1422 1525 1485 pro
1556 1402 1804 1470 debitis
1836 1400 2013 1469 infra.
2041 1401 2374 1469 fertonem
2397 1403 2671 1486 juratus

267 1526 465 1590 preco
513 1509 762 1575 testari
808 1514 1033 1590 potest
1078 1527 1198 1590 pro
1248 1506 1512 1575 fertone
1560 1525 1690 1574 uno
1738 1514 1809 1573 et
1853 1525 1985 1573 non
2021 1525 2241 1589 supra.
2289 1505 2359 1572 Si
2390 1505 2523 1589 ille,
2554 1503 2668 1585 qui

270 1610 515 1678 citatus
553 1629 706 1678 esse
736 1612 1001 1695 dicitur,
1034 1612 1104 1677 in
1136 1630 1334 1679 cruce
1357 1610 1591 1694 jurare
1624 1611 2173 1694 praesumpserit,
2213 1611 2386 1691 quod
2421 1612 2667 1676 absens

265 1714 483 1797 fuerit,
508 1716 620 1783 vel
646 1718 823 1798 quod
847 1716 1082 1782 citatio
1116 1717 1203 1781 ad
1226 1734 1375 1783 eum
1406 1734 1539 1784 non
1571 1715 1978 1799 pervenerit,
2009 1714 2246 1781 citatio
2278 1713 2670 1794 retrocedit,

269 1825 335 1887 et
393 1820 547 1887 sive
611 1822 785 1888 bene
836 1821 1043 1905 Juret,
1106 1820 1251 1887 sive
1304 1821 1593 1904 Jurando
1660 1819 1904 1902 deviet,
1962 1820 2193 1885 statim
2255 1820 2343 1884 ad
2402 1819 2669 1903 objecta

268 1923 732 2007 respondebit.
1118 2010 1123 2014 .

471 2028 654 2095 Item
699 2027 1063 2109 inquilinus
1108 2046 1233 2096 nec
1278 2026 1715 2109 hereditates,
1762 2044 1886 2094 nec
1919 2026 2256 2110 propriam
2286 2026 2357 2092 in
2387 2025 2670 2092 civitate

272 2133 525 2199 habens
598 2132 1058 2216 residentiam,
1128 2132 1428 2213 quolibet
1489 2132 1597 2199 die
1645 2150 1766 2214 pro
1830 2131 2076 2199 debitis
2136 2132 2223 2197 ad
2275 2129 2667 2213 petitionem

274 2236 522 2303 actoris
574 2237 720 2303 sine
766 2236 1089 2303 citatione
1136 2239 1587 2318 praecedente
1620 2237 1706 2302 ad
1730 2235 2043 2321 judicem,
2075 2237 2250 2317 quod
2282 2237 2369 2301 ad
2401 2234 2673 2319 objecta

275 2343 701 2424 respondeat,
746 2340 900 2407 duci
945 2345 1189 2421 potest.

475 2444 652 2510 Item
695 2462 826 2511 non
873 2451 1157 2529 oportet,
1204 2446 1377 2525 quod
1423 2463 1579 2512 reus
1626 2450 1890 2513 tantum
1936 2446 2184 2513 citetur
2228 2446 2317 2511 ad
2338 2442 2662 2527 judicium

277 2546 378 2614 die
424 2548 810 2615 immediate
850 2548 1170 2632 jndicium
1219 2552 1703 2632 praecedente3
1745 2551 1874 2617 imo
1921 2551 1982 2617 si
2012 2555 2204 2619 actor
2236 2550 2446 2631 timet,
2491 2549 2670 2627 quod

268 2650 585 2733 jndicium
632 2651 922 2735 effugiat,
968 2658 1195 2735 potest
1241 2671 1383 2720 eum
1427 2654 1728 2734 quolibet
1760 2655 1867 2722 die
1899 2674 2020 2737 per
2048 2670 2401 2736 preconem
2435 2652 2671 2734 citare,

279 2758 445 2834 quod
494 2756 625 2824 sibi
672 2759 1078 2839 respondeat
1106 2758 1359 2842 judicio
1392 2766 1546 2840 post
1591 2758 1980 2826 citationem
2025 2758 2333 2841 proxime·
2364 2755 2667 2823 affuturo.

480 2860 657 2927 Item
703 2861 764 2928 si
810 2862 1001 2927 homo
1040 2861 1488 2929 hereditatem
1522 2881 1710 2930 suam
1745 2864 1945 2931 alteri
1975 2861 2247 2945 locavit,
2279 2863 2364 2927 ad
2396 2877 2667 2941 respon-

280 2963 557 3030 dendum
603 2966 687 3031 de
732 2965 855 3031 tali
900 2966 1280 3033 hereditate
1326 2984 1456 3032 non
1502 2967 1638 3050 ille,
1683 2968 1797 3049 qui
1844 2986 1989 3035 eam
2035 2966 2367 3049 convenit,
2399 2966 2518 3032 sed
2551 2964 2669 3044 qui

278 3066 669 3134 hereditatis
716 3087 1066 3150 possessor
1111 3076 1217 3135 est
1263 3071 1591 3154 proprius,
1647 3072 1732 3136 ad
1785 3071 2107 3153 J'udicium
2165 3076 2272 3137 est
2320 3070 2671 3151 citandus;

283 3180 346 3235 et
392 3171 448 3238 si
493 3177 604 3239 est
647 3175 892 3239 absens
939 3179 1009 3239 et
1052 3172 1228 3240 forte
1276 3174 1343 3239 in
1388 3173 1520 3241 alio
1566 3175 1713 3242 loco
1759 3176 2193 3242 residentiam
2233 3175 2457 3257 habet,
2504 3178 2669 3239 tunc

284 3291 394 3354 per
436 3276 673 3343 literas
713 3277 960 3361 judicis
1007 3282 1076 3343 et
1114 3279 1506 3362 juratorum,
1568 3281 1743 3363 quod
1804 3279 1927 3346 tali
1990 3280 2095 3346 die
2164 3284 2548 3360 compareat
2598 3281 2669 3342 et

285 3380 488 3445 actori
534 3380 658 3447 tali
703 3382 811 3447 vel
856 3381 979 3447 tali
1024 3382 1105 3448 de
1155 3382 1538 3449 hereditate
1600 3402 1724 3449 sua
1769 3386 1856 3449 ad
1915 3387 2180 3469 objecta
2242 3385 2668 3464 respondeat,

289 3483 367 3546 ad
404 3484 725 3567 judicium
774 3489 881 3552 est
927 3488 1286 3553 vocandus.

482 3588 656 3655 Item
700 3590 758 3655 si
806 3589 1044 3673 aliquis
1094 3591 1411 3671 parvulos
1456 3591 1839 3672 relinquens
1885 3593 2185 3673 heredes,
2232 3593 2301 3657 in
2349 3590 2671 3657 extremis

287 3689 416 3755 suis
481 3699 620 3758 tam
689 3693 975 3760 heredes
1045 3713 1241 3774 quam
1316 3712 1539 3761 eorum
1608 3698 1782 3762 bona
1851 3696 2056 3762 alicui
2126 3696 2268 3763 viro
2330 3695 2668 3778 fidedigno

288 3797 607 3875 tamquam
653 3799 1000 3865 executori
1058 3800 1449 3865 testamenti
1506 3806 1574 3865 et
1621 3800 1833 3866 tutori
1891 3800 2262 3883 committit,
2309 3800 2420 3880 qui
2464 3818 2666 3882 agere

291 3899 421 3963 vult
443 3900 509 3965 in
535 3903 800 3968 eosdem
826 3903 1109 3969 heredes
1133 3907 1203 3968 et
1225 3905 1419 3986 bona,
1442 3923 1573 3969 non
1596 3906 1798 3987 ipsos,
1830 3907 1950 3971 sed
1981 3905 2204 3985 potius
2238 3914 2663 3970 executorem

290 4005 351 4064 et
392 4009 684 4099 tutorem·
718 4008 805 4072 ad
841 4006 1164 4089 judicium
1211 4009 1423 4073 citare
1471 4010 1690 4074 debet.

479 4108 669 4191 Item,
714 4111 882 4177 civis
928 4111 1265 4192 propriam
1310 4110 1565 4177 habens
1610 4112 2062 4194 residentiam,
2109 4113 2410 4192 quamvis
2445 4131 2666 4178 coram

281 4202 511 4283 judicio
555 4230 675 4293 per
720 4220 1015 4305 actorem
1062 4215 1464 4297 inveniatur,
1512 4221 1738 4282 tamen
1782 4216 1842 4280 si
1874 4216 2032 4281 illuc
2066 4217 2314 4282 citatus
2350 4234 2478 4282 non
2513 4216 2667 4297 fuit,

291 4309 367 4373 ad
407 4313 619 4381 nullas
666 4317 1107 4395 querimonias
1153 4320 1604 4398 respondebit.
