3275 5009
610 344 775 397 Sententiae
794 344 978 412 Iglavienses.
1337 346 1387 398 303

298 551 620 619 Sententiatum
652 560 719 621 est
742 556 936 621 diffinitive:
968 556 1064 639 Quod
1087 574 1152 621 non
1176 555 1387 621 obstantibus

194 656 451 740 allegationibus
476 661 505 723 d'.
530 659 694 740 Dymudis
717 653 784 726 filia
808 679 869 725 sua
893 661 991 727 Anna
1015 680 1055 726 en
1073 661 1163 725 dicto
1179 659 1388 725 matrimonio

193 768 324 827 secrete
348 767 522 827 contracto
548 770 675 844 partem
701 766 859 830 bonorum
882 766 990 845 patris
1014 765 1064 829 sni
1088 784 1158 830 eam
1183 762 1388 829 hereditarie

194 865 439 948 contingentem
479 867 669 933 nullatenus
709 868 920 948 perdidisset,
953 868 1042 933 sient
1076 868 1267 951 Originaria
1300 867 1387 931 Jura

193 970 344 1035 civitatis
379 970 510 1035 dicunt:
553 972 786 1054 „Matrimonia
822 974 946 1039 debent
980 991 1054 1039 esse
1088 972 1287 1051 voluntaria,
1322 988 1388 1036 non

193 1081 326 1154 coacta;
370 1080 405 1140 in
450 1074 623 1141 voluntate
668 1076 754 1142 enim
792 1078 940 1161 cujusvis
978 1077 1124 1142 mulieris
1163 1085 1215 1141 est
1252 1076 1388 1158 nubere,

192 1179 246 1243 cni
276 1179 415 1259 placet.“
442 1180 507 1264 (78,
532 1179 597 1266 79.)

593 1320 669 1386 Post
693 1326 751 1385 ort.
773 1322 841 1386 218
863 1325 891 1386 ct
912 1320 985 1386 219.

296 1443 351 1508 51.
386 1442 445 1506 De
480 1448 654 1509 emenda
688 1444 926 1510 homicidii.
959 1445 1108 1511 Emenda
1144 1445 1311 1511 homicidii
1346 1465 1387 1511 ex
1466 1472 1471 1483 a

192 1548 398 1612 diversorum
423 1548 568 1614 locorum
591 1550 831 1615 consuetudine
860 1554 939 1614 sunt
972 1549 1074 1615 XXX
1109 1568 1298 1633 sexagenae
1334 1551 1387 1615 111

191 1668 340 1730 111111111;
374 1670 454 1734 ergo
477 1673 537 1734 pro
562 1654 664 1718 nobili
688 1656 833 1719 membro
857 1660 1024 1733 tamquam
1058 1673 1117 1734 pro
1153 1654 1255 1719 tertia
1289 1660 1386 1735 parte

192 1757 340 1836 corporis
364 1758 397 1823 X
420 1776 487 1823 sex.
511 1758 545 1822 in
569 1761 739 1824 emendam
763 1760 876 1826 debite
901 1761 1143 1840 persolvantur.

294 1898 348 1963 52.
386 1898 435 1962 It.
475 1900 522 1962 de
561 1900 735 1964 emenda
773 1899 1010 1965 homicidii.
1049 1898 1294 1965 sententiatum
1334 1902 1386 1962 est

191 1999 439 2067 Chutnensibus
469 2021 556 2067 anno
589 2002 721 2068 Domini
753 2004 916 2071 Meceni
951 2022 1009 2085 pro
1043 2002 1218 2069 homicidio
1258 2010 1384 2084 septem

189 2122 332 2176 marcae,
355 2124 492 2185 quarum
513 2107 619 2189 jndici
641 2109 786 2187 quinque
810 2116 846 2172 et
865 2109 988 2191 juratis
1013 2109 1097 2172 duae
1115 2109 1243 2171 cedent.
1266 2108 1307 2172 It.
1324 2124 1382 2188 pro

190 2209 330 2273 vnlnere
353 2211 456 2276 duelli
478 2219 549 2277 tres
573 2231 721 2293 marcae;
741 2213 848 2294 jndici
865 2216 951 2277 duae
969 2230 1099 2277 marcae
1117 2217 1152 2276 et
1171 2229 1237 2275 nna
1250 2211 1383 2293 juratis,

661 2369 738 2433 Post
761 2374 819 2433 1111.
842 2368 915 2433 264.

294 2488 348 2554 53.
386 2490 466 2555 Pro
498 2491 784 2572 percussione
820 2492 1073 2556 baculorum.
1109 2490 1143 2555 Si
1178 2491 1251 2569 quis
1284 2490 1384 2555 alium

190 2592 319 2657 baculis
342 2599 401 2659 aut
423 2593 569 2659 fustibus
592 2595 799 2674 percusserit
823 2596 877 2659 vel
901 2595 1048 2660 crinibus
1079 2596 1123 2658 ad
1153 2602 1278 2659 terram
1309 2613 1384 2674 pro·

186 2697 310 2778 jecerit
334 2700 387 2763 vel
411 2700 550 2778 pedibus
575 2700 831 2781 conculcaverit,
855 2701 964 2764 victus
982 2701 1108 2765 duobus
1125 2698 1269 2764 testibus
1286 2717 1383 2763 manu

190 2801 349 2881 punietur
372 2801 426 2866 vel
449 2803 553 2884 ipsam
578 2803 720 2867 redimet
742 2804 776 2867 X
799 2805 928 2868 marcis.

293 2942 347 3007 54.
380 2942 442 3007 De
474 2943 664 3007 emendis
699 2943 929 3023 alaparum.
962 2943 996 3007 81
1020 2942 1092 3021 quis
1123 2941 1223 3005 alteri
1254 2941 1384 3022 alapam

189 3042 406 3128 indignanter
429 3047 561 3111 dederit
592 3046 646 3111 vel
676 3048 719 3109 ad
750 3047 868 3110 dentes
902 3045 1116 3127 percusserit,
1151 3046 1258 3110 actori
1292 3045 1385 3110 dabit

189 3167 345 3224 maroam,
365 3151 470 3233 judici
495 3157 530 3215 et
548 3151 672 3234 juratis
695 3151 836 3215 mediam
862 3168 1013 3214 marcam.

294 3291 348 3355 55.
372 3289 556 3355 Emenda
581 3293 629 3354 de
652 3289 968 3373 evaginatione
993 3287 1140 3370 gladii.
1157 3286 1221 3369 Qui
1238 3290 1384 3369 gladium

190 3411 301 3459 coram
322 3392 445 3474 juratis
478 3395 712 3477 evaginaverit
746 3412 848 3474 super
882 3393 1034 3473 aliquem,
1071 3392 1242 3457 convictus
1277 3394 1383 3458 actori

190 3501 288 3563 cedet
312 3517 378 3562 una
411 3518 532 3564 marca.
564 3501 625 3563 Ad
657 3500 781 3564 idem:
815 3497 851 3561 81
875 3498 949 3577 quis
973 3498 1073 3562 alium
1098 3496 1327 3561 vulneraverit
1350 3503 1384 3561 et

188 3602 276 3667 idem
311 3603 508 3669 satisfacere
541 3622 606 3668 non
636 3604 770 3685 poterit,
801 3620 860 3681 pro
892 3603 1029 3666 vulnere
1061 3600 1161 3666 duelli
1192 3606 1384 3680 amputetur

188 3707 255 3773 sibi
279 3727 404 3773 manus.

293 3850 347 3915 56.
372 3848 430 3913 De
448 3866 550 3929 pace
567 3848 744 3912 indicta.
766 3846 832 3930 Qui
851 3806 965 3925 pacem
982 3845 1045 3910 sibi
1061 3844 1204 3925 ajudice
1225 3844 1383 3910 indictam

190 3953 366 4037 negligens
390 3953 576 4029 violaverit,
600 3951 708 4016 actori
732 3951 766 4014 in
789 3949 853 4015 LX
879 3949 991 4013 solidis
1014 3949 1240 4028 respondebit.

293 4094 348 4159 57.
385 4094 484 4159 Umb
527 4093 594 4158 ein
628 4091 866 4172 iridprech.
910 4091 995 4155 Umb
1031 4090 1084 4153 ein
1119 4088 1290 4169 fridpreclr
1325 4090 1384 4153 mit

188 4211 327 4280 werten,
372 4199 446 4264 dem
491 4198 617 4263 richter
662 4196 726 4261 LX
771 4194 916 4276 schiling
961 4195 1027 4257 und
1071 4196 1168 4273 ydem
1215 4195 1384 4274 scheppen

188 4300 290 4366 XXX
328 4302 471 4385 schiling
509 4305 568 4367 der
605 4302 750 4381 knrzen3
788 4300 860 4363 also
896 4301 1026 4363 vorstet
1060 4315 1107 4377 ea,
1141 4300 1200 4362 das
1238 4297 1299 4361 wir
1322 4316 1385 4362 nur
