3275 5009
267 363 319 416 326
794 361 944 415 Addenda:

248 613 251 619 ·
371 570 486 652 1426)
509 569 679 652 Volumus,
709 573 748 636 ut
775 569 973 649 quicumque
1003 570 1180 653 judiciaria
1201 569 1269 637 frui
1292 572 1470 639 desiderat

268 675 434 759 dignitate
456 673 491 740 in
514 673 654 742 civitate
677 672 871 757 Iglauiensi‚
895 674 982 753 quod
1004 673 1051 739 sit
1070 673 1154 739 civis
1170 673 1324 741 civitatis
1338 676 1470 743 habens

267 778 494 860 hereditates;
528 781 563 844 et
594 780 657 844 hoc
691 777 775 860 ideo,
808 783 847 844 ut
882 776 1065 859 proiectum
1101 777 1252 844 civitatis
1284 797 1326 845 eo
1349 780 1468 846 melius

211 879 214 890 '
268 887 491 966 prosequatur
513 887 548 949 et
570 889 707 964 propter
729 901 829 949 unum
852 900 974 948 annum
1006 882 1061 948 vel
1090 883 1171 948 duos
1205 901 1272 949 non
1308 886 1471 952 corrodat

269 987 361 1056 cives
385 990 420 1052 et
444 1004 609 1070 pauperes
631 984 792 1054 civitatis.
820 983 923 1072 (LX.)

371 1125 486 1210 1421))
509 1125 605 1192 Wer
634 1126 709 1190 das
732 1124 860 1189 recht
883 1131 1135 1192 vorsaumet
1158 1130 1249 1194 umb
1278 1131 1469 1195 wanden.

143 1308 146 1316 Ι
269 1229 339 1296 Das
350 1229 461 1295 isthic
473 1228 606 1311 getailt:
622 1227 741 1312 Olaget
757 1228 811 1294 ein
826 1246 902 1293 man
917 1227 957 1293 ui
968 1230 1043 1294 dem
1059 1231 1186 1296 andern
1203 1234 1281 1297 umb
1297 1235 1468 1300 nnczucht

269 1336 352 1400 ader
372 1336 448 1399 umb
472 1335 613 1400 wunden
636 1352 665 1398 u.
688 1336 875 1415 vorpurget
896 1330 950 1398 fur
973 1334 1047 1400 dem
1070 1334 1206 1413 ricbter,
1238 1338 1301 1402 das
1334 1355 1372 1403 er
1393 1339 1469 1403 sein

269 1440 345 1521 olag
377 1437 506 1505 v'olfure
541 1455 570 1501 u.
594 1437 713 1518 kumpt
747 1435 897 1502 darnoch
930 1436 1024 1503 nicht
1056 1436 1110 1502 iur
1143 1439 1286 1521 gericht,
1313 1460 1342 1506 6.
1371 1441 1469 1524 jener

269 1543 330 1610 auf
340 1546 405 1608 den
421 1561 458 1610 er
474 1542 534 1608 hat
549 1542 693 1626 geclagt,
710 1542 771 1606 der
786 1541 919 1620 kumpt:
946 1543 1006 1606 der
1021 1542 1063 1606 do
1079 1542 1205 1625 rumpe,
1223 1546 1283 1610 der
1299 1545 1470 1628 entledigt

269 1647 351 1730 sich,
373 1649 433 1713 der
455 1649 538 1713 aber
559 1645 653 1712 nicht
674 1645 802 1726 kumpt7
834 1645 895 1710 der
927 1644 974 1710 ist
1008 1646 1081 1711 dem
1116 1645 1246 1713 richter
1279 1650 1469 1716 bastanden

269 1753 331 1817 mit
366 1753 427 1817 der
464 1767 542 1832 pass
580 1750 630 1815 als
668 1749 755 1814 boch
793 1767 864 1813 sam
900 1768 976 1817 man
1016 1749 1048 1814 di
1086 1751 1255 1816 unezucht
1296 1755 1380 1818 ader
1412 1755 1468 1819 die

268 1857 485 1938 abundando
510 1855 643 1922 erumb
675 1853 809 1937 geclagt
838 1853 900 1917 hat
928 1852 991 1919 auf
1018 1854 1083 1919 den
1112 1856 1250 1933 andern,
1280 1859 1366 1922 noch
1401 1859 1469 1923 den

270 1962 336 2025 und
359 1959 529 2026 dieselben
557 1958 698 2025 wunden
729 1957 762 2022 di
793 1956 963 2038 eobeppen
993 1959 1150 2039 hosagen,
1183 1978 1248 2025 von
1279 1961 1378 2026 recht
1406 1981 1470 2028 vor

270 2083 395 2146 possen
419 2065 476 2130 sol.
500 2061 603 2149 (145.)

373 2204 449 2271 143.
474 2203 590 2287 Quod
618 2204 794 2284 juratus
829 2218 900 2282 pro
935 2219 979 2266 se
1009 2201 1175 2267 testari
1203 2220 1282 2269 non
1304 2209 1470 2285 potest.

270 2307 369 2374 Cives
403 2309 444 2373 (16
474 2307 621 2372 Kotbors
654 2305 864 2385 scripserunt
896 2303 960 2370 sic:
994 2303 1135 2387 Quidam
1169 2325 1288 2372 servus
1311 2308 1470 2374 messivit

270 2411 421 2496 gramina
444 2410 565 2476 domini
589 2410 656 2491 sui;
691 2415 772 2474 tunc
808 2409 982 2475 venientes
1017 2412 1101 2476 duae
1136 2429 1259 2478 vaceae
1295 2414 1469 2495 cujusdam

266 2516 373 2600 jurati
396 2524 578 2596 coeperunt
602 2512 753 2597 gramina
776 2531 897 2579 vorare
920 2519 955 2579 et
979 2520 1108 2594 pratum
1129 2516 1353 2597 conculcare3
1385 2522 1469 2584 tunc

270 2620 462 2701 praedictus
489 2637 608 2688 servus
642 2617 770 2700 pepulit
802 2635 925 2683 vaccas
959 2624 1056 2684 extra
1090 2626 1221 2701 pratum
1252 2622 1469 2702 verberibus;

270 2735 352 2790 tunc
371 2726 514 2808 juratus,
544 2724 639 2806 cujus
662 2741 786 2788 vaceae
810 2732 918 2795 erant.
946 2723 1064 2788 videns
1088 2724 1189 2791 dixit:
1227 2724 1323 2806 „Noli
1346 2727 1467 2792 verbe·

270 2847 355 2906 rare,
379 2847 479 2910 quum
501 2847 561 2910 pro
583 2827 734 2906 dampnis
758 2827 888 2892 domino
905 2832 962 2892 tuo
979 2826 1214 2893 satisfaciam.“
1240 2827 1367 2895 Servus
1384 2849 1467 2896 vero

270 2934 395 3015 pluries
430 2934 638 2998 verberando
674 2933 813 2999 eundem
843 2930 991 3012 juratum
1027 2932 1259 3015 maledicebat,
1294 2934 1344 2999 sic
1378 2937 1467 3014 quod

270 3055 394 3103 vaccae
418 3037 651 3102 moriebantur.
678 3035 819 3104 Juratus
852 3037 1026 3116 praedicte
1048 3055 1160 3102 coram
1183 3038 1278 3104 nobis
1302 3037 1338 3103 in
1360 3041 1465 3105 mani·

270 3143 380 3222 loquio
404 3147 457 3207 est
480 3146 687 3221 protestatus
710 3141 836 3220 omnia;
870 3146 905 3206 et
927 3160 945 3208 e
969 3159 1132 3208 converso
1152 3159 1281 3207 servus
1315 3144 1464 3225 negavit.

272 3247 384 3331 Quare
407 3245 548 3326 petimus
572 3264 632 3311 nos
655 3243 843 3324 informare,
866 3250 973 3311 utrum
999 3263 1118 3312 servus
1142 3245 1249 3321 possit
1264 3245 1299 3310 in
1310 3245 1388 3326 jnre
1405 3265 1466 3313 suo

271 3351 452 3432 procedere
475 3350 530 3415 vel
553 3353 753 3431 protestatio
776 3349 905 3416 scabini
928 3349 1061 3415 admitti
1084 3348 1230 3416 debeat?
1264 3348 1373 3432 Super·
1402 3369 1466 3431 quo

271 3461 377 3521 sent.
401 3459 462 3535 est,
485 3455 571 3534 quod
595 3454 704 3520 dictus
737 3471 853 3520 servus
888 3453 922 3518 in
958 3472 1017 3519 sno
1037 3455 1114 3537 jure
1137 3457 1250 3536 potest
1273 3457 1466 3538 procedere,

271 3559 517 3642 protestatione
536 3557 642 3640 jurati
665 3577 731 3624 non
753 3561 918 3625 obstante.

375 3697 1463 3782 144.DemaletractationeJurati.„Advestramdiscre·

272 3803 396 3868 tionem
410 3802 541 3869 deferre
554 3805 701 3887 cogimur
714 3821 773 3883 per
785 3806 991 3884 praeacutae,
1003 3819 1101 3881 quum
1117 3803 1350 3882 quodquidam
1366 3805 1462 3870 nobis

273 3909 463 3990 conjuratus
486 3926 584 3991 agros
608 3926 686 3973 6666
711 3912 745 3973 et
767 3913 902 3990 segetes
926 3907 1120 3987 conspicere
1135 3906 1273 3987 cupiens
1289 3908 1464 3986 equitabat

272 4031 332 4094 per
356 4012 500 4093 plateam
524 4016 659 4077 nostrae
682 4010 842 4092 civitatis,
864 4011 996 4089 qnidam
1020 4010 1114 4076 nobis
1138 4009 1287 4099 concivis
1310 4014 1464 4078 dedomo

272 4117 407 4199 propria
429 4115 577 4195 exiliens
604 4134 701 4181 mann
733 4121 873 4198 armata,
907 4115 1092 4181 deliberato
1115 4114 1234 4197 animo,
1261 4114 1371 4197 ipsum
1394 4116 1465 4183 vita

272 4222 379 4288 voluit
405 4222 559 4302 spoliare,
590 4226 628 4286 ut
651 4221 732 4285 dicti
751 4221 859 4304 jurati
883 4219 1059 4286 didicimus
1083 4219 1245 4298 depositis
1269 4221 1330 4284 sab
1355 4221 1464 4300 queri-

273 4327 381 4392 monia
405 4342 513 4390 coram
539 4323 643 4391 nobis.
667 4324 772 4407 Quem
795 4325 925 4404 quidem
946 4323 1094 4405 jnratum
1117 4321 1229 4389 subito
1252 4341 1408 4390 aversum
1431 4332 1466 4390 et
