3275 5009
247 345 282 396 at
766 342 930 396 Sententiae

248 570 349 634 super
370 553 432 618 lroc
451 549 566 634 jurati,
590 553 676 631 quod
699 551 788 631 parti
811 553 976 616 adversae
1000 549 1114 616 debita
1137 550 1195 614 liat
1208 549 1352 632 Justitia,
1369 567 1441 614 oum

248 654 424 740 diligentia
448 656 655 738 cogitabunt.

355 776 448 843 Idem
471 777 710 861 praescriptus,
742 778 820 857 quia
848 777 1020 842 confessus
1053 776 1117 840 iuit
1143 793 1255 842 coram
1283 774 1442 841 tribunali

249 888 285 948 et
300 881 378 947 talis
394 880 558 947 confessio
574 883 722 965 vigorem
738 881 866 963 habuit,
886 899 965 964 ergo
982 898 1042 962 per
1058 880 1261 953 contrarium
1278 878 1440 944 confessio

249 994 347 1051 extra
366 985 527 1068 judicium
549 983 640 1051 facta
672 1003 737 1050 non
761 992 814 1050 est
837 989 956 1052 tantae
979 984 1126 1066 virtutis,
1158 986 1245 1063 quod
1272 982 1442 1048 confessus

250 1090 322 1156 sine
341 1088 428 1171 juris
452 1089 642 1172 cognitione
664 1089 776 1169 aliqua
799 1091 1068 1170 condempnetur.

354 1195 449 1278 item,
472 1190 636 1258 confessio
658 1191 750 1258 facta
774 1210 833 1273 pro
857 1211 893 1258 se
917 1191 998 1258 nulli
1024 1192 1127 1275 valet,
1150 1210 1197 1268 eo,
1226 1193 1311 1271 quod
1335 1188 1443 1256 nullus

249 1299 286 1364 iu
307 1298 444 1380 propria
467 1295 717 1380 causa-poterit
748 1313 823 1361 esse
853 1296 969 1377 testis3
1001 1299 1118 1361 contra
1149 1313 1185 1361 se
1217 1300 1327 1360 autem
1359 1296 1443 1360 bene

251 1403 400 1468 creditur
423 1401 604 1468 confitenti.

353 1506 448 1587 Item,
470 1504 505 1568 in
528 1503 735 1568 confessione
758 1502 951 1583 requiritur,
974 1505 1062 1582 quod
1092 1502 1212 1581 aliquis
1243 1502 1443 1569 confiteatur

249 1615 369 1691 sponte
392 1615 426 1673 et
450 1608 646 1684 voluntarie,
678 1611 712 1672 et
734 1625 801 1674 non
825 1612 970 1683 coactus,
1001 1606 1078 1685 quia
1102 1625 1187 1686 quae
1211 1607 1244 1671 vi
1269 1614 1328 1672 aut
1351 1612 1442 1673 metu

251 1717 352 1780 causa
375 1714 467 1793 fiunt,
490 1718 567 1777 rata
586 1712 701 1790 utique
717 1729 782 1777 non
796 1712 974 1779 habentur.
998 1711 1094 1778 Unde
1111 1711 1276 1778 confessio
1292 1716 1443 1793 tempore

248 1821 486 1883 tormentorum
502 1815 594 1882 iacta
609 1834 674 1881 non
691 1817 911 1897 condempnat
927 1815 1079 1899 aliquem,
1096 1816 1161 1882 nisi
1176 1822 1253 1897 post
1276 1820 1442 1882 tormenta

250 1922 284 1986 in
308 1919 515 1986 confessione
538 1924 743 2000 perseveret.

357 2024 449 2106 Item,
483 2023 674 2105 requiritur,
708 2025 796 2102 quod
830 2023 950 2102 aliquis
985 2025 1184 2090 confiteatur
1214 2026 1256 2089 de
1286 2043 1324 2090 re
1348 2029 1443 2089 certa

250 2129 304 2194 vel
327 2127 518 2208 quantitate
542 2134 651 2208 certa;
674 2127 758 2193 alias
783 2146 848 2192 nun
872 2127 963 2194 valet
987 2127 1166 2208 confestim
1191 2145 1265 2192 nam
1289 2145 1390 2208 super
1404 2145 1442 2192 re

253 2233 305 2299 vel
329 2234 520 2310 quantitate
551 2232 681 2298 incerta
709 2251 774 2297 non
805 2236 859 2297 est
887 2231 1024 2296 ferenda
1053 2230 1224 2297 sententia
1254 2231 1442 2297 diffinitiva.

354 2335 449 2413 Item,
485 2337 527 2400 ad
562 2335 859 2418 interrogationem
891 2335 1013 2418 judicis
1049 2341 1084 2401 et
1113 2337 1301 2418 juratorum
1327 2341 1442 2416 partes

246 2441 452 2520 respondere
474 2443 641 2516 tenentur,
665 2441 853 2507 confitendo
871 2440 925 2504 vel
940 2442 1109 2522 negando;
1133 2457 1234 2519 super
1249 2439 1312 2503 hoc
1327 2443 1443 2504 tamen

246 2542 276 2606 si
300 2548 419 2624 petunt
444 2549 478 2607 et
501 2542 530 2607 si
553 2545 668 2609 modus
692 2541 968 2626 interrogationis
993 2542 1046 2609 vel
1069 2561 1191 2609 causae
1216 2542 1362 2625 cognitio
1379 2542 1442 2608 hoc

246 2647 404 2728 patiatur,
428 2653 481 2712 est
504 2647 586 2728 ipsis
610 2645 811 2713 deliberatio
836 2649 1057 2713 concedenda.

348 2821 422 2886 141.
451 2819 563 2884 Uram
591 2820 750 2902 confessio
781 2821 892 2902 patris
922 2821 1070 2904 negantis
1094 2819 1204 2902 filiurn
1230 2822 1342 2904 privet
1372 2845 1441 2883 erem

244 2924 448 2987 hereditaria
465 2925 629 3008 portione.
660 2922 798 3007 Quidam
816 2929 1060 3006 proposuerunt
1076 2925 1177 2990 talem
1194 2943 1322 2990 casum:
1346 2924 1441 2990 Unus

245 3027 286 3094 de
320 3030 454 3111 uostris,
489 3048 561 3094 oum
594 3030 704 3096 adhuc
736 3030 878 3111 viveret,
913 3046 1048 3094 uxorem
1083 3047 1176 3094 suam
1206 3029 1242 3095 iu
1275 3029 1439 3094 adulterio

244 3132 388 3215 rapiens,
411 3133 517 3214 ipsam
542 3134 649 3199 tribus
676 3134 866 3200 vulneribus
883 3132 1091 3214 vulneravit;
1111 3136 1188 3213 post
1204 3134 1344 3200 eandem
1360 3151 1440 3198 vero

244 3237 509 3301 vulnerationem
532 3254 668 3317 puerum
700 3239 809 3302 adhuc
841 3238 1057 3317 superstitem
1090 3236 1229 3318 peperit,
1261 3255 1358 3316 quem
1389 3237 1441 3303 vir

244 3339 418 3406 confessus
449 3347 502 3406 est
532 3360 597 3406 nou
629 3361 670 3407 ex
700 3359 760 3407 suo
791 3343 917 3407 semine
952 3342 1165 3423 processisse.
1199 3341 1308 3422 Super
1342 3359 1439 3421 quam

244 3444 483 3510 coniessiouem
518 3445 616 3511 amici
646 3445 712 3511 viri
742 3446 935 3526 praenotati
962 3447 1028 3528 jam
1059 3445 1261 3526 praemortui
1293 3465 1334 3512 ex
1365 3463 1440 3527 una,

239 3550 342 3632 judex
367 3547 516 3614 civitatis
536 3567 577 3616 ex
600 3550 708 3615 altera
725 3554 760 3614 et
776 3550 954 3615 dominium
973 3549 1148 3616 districtus
1166 3568 1206 3615 ex
1223 3553 1320 3632 parte
1336 3549 1441 3615 tertia

242 3670 278 3717 se
301 3652 482 3718 fundantes
505 3658 540 3718 et
562 3671 700 3734 puerum
724 3672 744 3718 a
767 3653 861 3719 bonis
887 3654 1047 3736 paternis
1071 3654 1246 3720 mobilibus
1271 3659 1306 3719 et
1328 3654 1440 3719 immo-

242 3754 375 3839 bilibus,
398 3774 463 3822 non
484 3758 608 3839 paucis,
625 3759 803 3825 excludere
819 3757 981 3839 volentes,
1001 3757 1140 3836 quilibet
1155 3757 1319 3823 dictorum
1335 3757 1439 3822 trium

242 3862 286 3923 ad
309 3863 395 3926 bona
419 3862 502 3926 talia
523 3864 576 3943 jrrs
600 3867 789 3943 competere
812 3861 876 3928 sibi
901 3862 990 3926 dicit.
1023 3862 1171 3926 Petimus
1204 3879 1284 3944 ergo
1317 3863 1439 3944 doceri,

241 3981 307 4041 quo
327 3966 402 4049 jure
426 3966 563 4044 quisque
587 3966 621 4030 in
646 3966 740 4031 bonis
765 3967 910 4047 gaudere
936 3968 1057 4031 debeat
1081 3964 1308 4046 supradietis?

347 4086 974 4170 Quibusresponsumiuitsic:
1000 4088 1086 4171 Quia
1105 4092 1201 4168 pater
1217 4087 1336 4154 vivens
1353 4106 1438 4154 com·

243 4190 395 4256 munibus
427 4191 686 4269 quoddammodo
717 4189 840 4269 verbis,
870 4188 956 4254 forte
987 4207 1028 4255 ex
1055 4191 1220 4257 solatione
1245 4193 1298 4258 vel
1323 4211 1365 4257 ex
1386 4191 1439 4258 ira

242 4293 392 4375 prolatis,
404 4312 540 4375 puerum
557 4312 623 4358 nou
639 4311 734 4358 suum
750 4311 866 4358 verum
881 4292 1063 4375 fatebatur,
1080 4305 1141 4361 n‘ec
1161 4296 1435 4376 protestationem
