3275 5009
265 385 319 437 270
782 384 946 438 Sententiae

263 598 397 659 nostros
421 592 587 675 concives,
609 596 697 673 quod
724 593 823 675 petar
854 611 966 659 corum
999 592 1201 679 obligaverit
1233 592 1297 659 sibi
1327 592 1458 657 heredi·

263 701 354 763 tates
378 716 456 763 suas
480 717 540 779 pro
572 697 675 763 XXX
709 716 788 781 sex,
824 700 907 763 daus
941 697 1006 763 sibi
1039 715 1140 779 super
1173 716 1213 763 eo
1247 696 1459 779 privilegium

264 800 377 886 sigillo
398 802 548 871 civitatis
564 808 701 869 nostrae
716 803 959 869 communitum.
984 802 1030 867 Et
1045 804 1122 882 quia
1137 801 1223 867 idem
1240 799 1460 885 privilegium,

264 912 303 971 nt
325 905 418 988 dicit,
440 908 632 989 perignem
656 914 709 972 est
732 914 970 990 consumptum,
992 907 1174 987 quaeritur,
1205 907 1234 971 si
1253 905 1400 990 jndicem
1425 907 1460 969 et

261 1009 394 1091 jnratos
431 1017 565 1076 nostros
602 1011 711 1093 possit
747 1017 908 1093 statuere,
945 1012 1002 1091 qui
1039 1014 1253 1077 testabuntur
1291 1011 1332 1074 de
1365 1008 1459 1073 dicto

263 1114 441 1199 privilegio
464 1116 530 1181 sibi
552 1117 642 1200 dato,
664 1121 776 1181 utrum
800 1134 861 1197 per
883 1116 946 1182 hoc
970 1114 1143 1197 praefatas
1166 1114 1277 1181 XXX.
1303 1130 1462 1181 smenon

263 1219 416 1305 obtineat
438 1220 509 1303 ipso
529 1219 630 1304 jure?
660 1220 754 1286 Dicti
780 1223 893 1286 autem
920 1220 1029 1285 nostri
1057 1218 1214 1313 concives
1244 1219 1462 1300 respondent,

262 1325 351 1403 quod
374 1326 508 1389 easdem
530 1324 633 1389 XXX
656 1343 725 1393 scu.
748 1328 847 1406 pater
867 1343 990 1407 eorum,
1007 1326 1082 1390 dum
1097 1324 1239 1407 viveret,
1257 1322 1461 1405 persolverit

264 1436 300 1494 et
322 1427 535 1510 privilegium
557 1429 747 1511 laniaverit,
769 1428 935 1494 deciderit
958 1437 992 1496 at
1015 1428 1240 1511 suffocaverit,
1255 1428 1313 1510 ita,
1332 1430 1369 1492 ut
1384 1428 1460 1509 ejus

265 1531 392 1613 copiam
415 1534 593 1599 ostendere
616 1552 682 1599 non
713 1534 828 1614 possit,
861 1540 896 1598 et
927 1533 989 1599 hoc
1023 1552 1084 1615 per
1113 1540 1221 1599 testes
1253 1532 1389 1597 idoneos
1424 1548 1462 1596 se

262 1637 413 1720 obligant
436 1639 654 1717 probaturos,
675 1644 886 1720 quaerentes
909 1643 1018 1703 utrum
1041 1643 1148 1703 testes
1172 1656 1282 1703 eorum
1307 1653 1372 1700 non
1389 1635 1462 1699 siut

262 1742 409 1806 testibus
443 1742 569 1807 actoris
602 1739 841 1824 praeferendi?
876 1741 982 1821 Super
1010 1759 1073 1821 quo
1098 1741 1330 1807 diffinitum
1353 1738 1462 1803 fuit:

264 1844 343 1910 Oum
360 1844 572 1928 privilegium
589 1863 691 1926 super
705 1846 860 1913 facienda
875 1846 1038 1912 solutione
1055 1847 1201 1913 finaliter
1216 1847 1329 1911 datum
1343 1843 1461 1926 fuerit,

262 1948 292 2014 si
314 1948 500 2031 hujusmodi
523 1949 643 2017 solutio
667 1970 728 2032 per
750 1952 843 2018 cives
860 1950 1049 2018 antedictos
1065 1952 1129 2017 fide
1147 1951 1247 2034 digno
1262 1948 1458 2015 testimonio

262 2051 469 2119 sufficienter
492 2055 688 2135 probabitur
711 2074 784 2121 esse
808 2056 908 2133 iacta,
937 2061 1040 2133 ector,
1069 2057 1142 2139 ejus
1165 2054 1367 2139 allegatione
1392 2072 1462 2120 non

261 2159 427 2239 obstante,
450 2158 484 2223 in
509 2158 706 2238 probatione
729 2160 790 2225 tali
812 2162 915 2226 debet
937 2159 1055 2226 merito
1079 2158 1278 2227 contentari.

369 2331 440 2397 713.
465 2331 516 2392 De
540 2331 674 2395 testibus
704 2334 739 2394 irc
759 2356 884 2417 ponere,
915 2344 1069 2417 quantam
1099 2335 1143 2397 cd
1169 2355 1346 2398 numerum.
1378 2332 1461 2399 Cum

263 2434 417 2514 quaestio
441 2435 487 2501 sit
510 2438 551 2501 de
574 2455 709 2502 numero
732 2437 879 2516 testium,
910 2438 1079 2504 sciendum
1110 2444 1171 2521 est,
1203 2438 1289 2517 quod
1312 2436 1346 2501 in
1372 2434 1462 2501 omni

261 2539 396 2622 negotio
427 2540 621 2621 principalis
654 2559 795 2622 persona
824 2543 939 2609 dicens
964 2542 1143 2608 veritatem
1166 2543 1207 2607 de
1229 2560 1266 2607 re
1290 2540 1354 2607 sibi
1378 2550 1461 2606 nota

263 2642 450 2709 rectissime
473 2644 629 2710 habenda
652 2653 704 2711 est
727 2665 787 2728 pro
811 2653 916 2729 teste;
941 2648 994 2713 cui
1015 2647 1167 2713 adhibito
1183 2663 1248 2712 uno
1265 2645 1462 2711 efficiuntur

263 2749 326 2813 duo
350 2751 474 2828 testes,
504 2735 666 2815 adhibitis
690 2752 815 2815 duobus
848 2751 1039 2817 efficiuntur
1072 2758 1149 2832 tres
1183 2752 1268 2829 quod
1301 2755 1462 2830 patenter

263 2852 412 2917 ostendit
434 2852 604 2934 Dominus
627 2872 701 2919 cnm
725 2855 823 2920 dicit:
850 2856 904 2938 „Si
929 2856 1121 2937 peccaverit
1137 2854 1178 2923 in
1193 2858 1229 2919 te
1246 2856 1354 2918 frater
1370 2859 1460 2936 tuus,

262 2958 393 3036 corripe
417 2975 490 3021 eum
514 2957 604 3023 inter
627 2966 660 3023 te
685 2964 720 3023 et
735 2959 859 3040 ipsum,
882 2962 1000 3041 quodsi
1016 2967 1050 3026 te
1066 2980 1132 3027 non
1156 2958 1310 3041 audierit,
1333 2959 1460 3023 adhibe

260 3065 370 3124 tecum
394 3079 494 3126 unum
517 3063 570 3127 vel
595 3063 676 3128 dnos
706 3070 824 3147 testes,
858 3074 895 3129 nt
929 3066 963 3130 in
997 3082 1054 3131 ore
1091 3067 1229 3130 duorum
1263 3062 1319 3129 vel
1353 3062 1459 3127 trium

262 3165 398 3229 testium
423 3170 492 3229 stet
515 3184 610 3231 omne
633 3169 799 3232 verbum“.

367 3284 433 3367 (De
466 3288 612 3352 testibus
647 3295 770 3367 quaere
803 3286 891 3352 infra
926 3289 995 3370 ,Dc
1030 3288 1246 3355 vulneribus“
1283 3291 1318 3353 et
1353 3305 1459 3369 supra

264 3388 336 3470 „De
358 3392 591 3455 testamentis“
614 3397 649 3456 et
667 3392 961 3475 „hereditatibus“,
977 3393 1019 3459 de
1036 3392 1262 3476 „privilegiis“
1281 3395 1316 3457 et
1334 3392 1459 3475 „homi-

261 3492 376 3558 cidiis“
403 3500 437 3559 et
459 3493 495 3558 in
517 3495 629 3559 multis
653 3495 728 3560 eills
756 3495 890 3578 titulis)

364 3613 482 3679 Utrum
506 3621 616 3681 autem
649 3635 710 3699 per
744 3616 1011 3683 communitatem
1043 3623 1078 3683 et
1111 3638 1173 3698 per
1206 3618 1338 3685 litteras
1373 3616 1459 3683 ferri

260 3717 367 3797 possit
390 3719 623 3799 testimonium,
646 3725 681 3785 et
702 3723 742 3785 de
760 3722 913 3803 testibus,
930 3723 1050 3801 quibus
1067 3721 1214 3787 vincitur
1229 3720 1456 3787 incendiarius

260 3823 314 3887 vel
339 3824 542 3906 criminosae,
565 3829 600 3890 et
623 3828 711 3904 qnod
733 3826 767 3890 in
791 3824 951 3907 gravibus
975 3824 1117 3907 delictis,
1149 3844 1214 3890 non
1238 3827 1456 3890 obstantibus

259 3925 393 4008 litteris,
417 3927 517 3992 ctiam
538 3928 644 4012 jurati
666 3939 744 3993 suut
766 3936 874 3995 testes
892 3929 1115 4012 personaliter
1131 3932 1173 3995 de
1191 3929 1454 3995 circumstantiis

258 4030 506 4112 interrogandi3
530 4038 564 4097 ct
587 4034 674 4112 quod
698 4051 854 4100 numerus
878 4035 1089 4115 septenarius
1116 4035 1253 4099 testium
1282 4040 1335 4099 est
1359 4035 1455 4114 quasi

259 4137 300 4199 de
324 4136 513 4201 substantia
532 4136 628 4220 juris,
651 4142 687 4201 et
709 4140 796 4216 quod
818 4138 1043 4205 testimonium
1067 4138 1289 4205 multitudinis
1311 4140 1453 4204 maxime

255 4240 401 4303 habetur
423 4258 483 4320 per
505 4241 663 4323 auditum,
687 4247 721 4306 et
739 4244 826 4321 quod
843 4242 1033 4309 credibilius
1050 4248 1103 4308 est
1119 4243 1345 4308 testimonium
1359 4243 1452 4326 jura-

257 4350 364 4408 torum
388 4345 485 4409 unius
509 4344 572 4409 loci
598 4346 788 4426 proaliquo
812 4346 977 4429 singulari
1000 4354 1087 4429 actu,
1112 4367 1209 4427 quem
1224 4347 1452 4413 testimonium
