3275 5009
600 351 764 404 Sententiae
783 350 962 419 Iglavienses
1336 355 1388 407 339

188 560 263 643 scit,
287 559 361 640 quis
378 559 508 625 illorum
526 559 651 641 primus
666 558 786 640 fuerit3
809 560 897 625 unde
914 557 1098 639 cuicunque
1108 558 1214 642 judex
1228 560 1387 643 astiterit,

187 662 279 730 illius
295 664 503 745 querimonia
519 664 739 746 praevalebit.
762 664 805 731 It.
822 663 851 727 si
863 662 1008 745 jndicem
1024 664 1112 730 domi
1127 682 1193 730 non
1208 663 1386 748 invenerit,

186 770 248 835 999
272 786 407 834 uxorem
431 785 534 846 suam,
556 786 616 849 per
639 768 711 849 ejus
735 767 961 834 testimonium
983 766 1123 848 primam
1146 767 1385 847 querimoniam

189 872 365 939 obtinebit.
389 872 465 957 (19.)

292 997 369 1063 199.
403 995 463 1060 De
497 994 770 1075 querimonia
803 993 1029 1075 hospitum
1069 992 1105 1059 Si
1137 992 1258 1073 aliquis
1290 989 1386 1059 homo

188 1103 371 1165 extraneus
402 1099 435 1165 in
465 1098 578 1178 aliqua
605 1098 744 1166 civitate
777 1097 1017 1179 querimoniam
1047 1096 1169 1162 iecerit
1198 1116 1258 1178 pro
1291 1098 1387 1163 bere·

187 1202 298 1269 911919
321 1203 443 1285 aliqua,
465 1221 526 1283 pro
550 1202 659 1269 tribus
683 1202 804 1268 marcis
829 1199 1041 1283 fidejussores
1068 1210 1180 1281 ponat,
1210 1207 1248 1266 ut
1278 1204 1386 1280 queri-

189 1307 331 1373 moniam
366 1311 578 1386 exsequatur.
613 1306 660 1372 Et
683 1306 712 1371 si
735 1305 899 1373 defecerit
933 1305 968 1371 in
1001 1323 1062 1371 sna
1097 1323 1199 1371 causa
1234 1306 1289 1371 991
1321 1324 1388 1371 999

187 1412 401 1491 exsequendo
425 1410 670 1493 querimoniam,
693 1409 870 1491 culpabilis
892 1410 927 1475 in
951 1410 1060 1475 tribus
1082 1408 1203 1474 marcis
1220 1409 1293 1476 erit.
1310 1408 1387 1496 (to.)

292 1534 369 1601 200.
393 1533 452 1600 De
476 1532 747 1613 querimonia
771 1531 955 1611 illorum,
984 1532 1058 1611 qui
1081 1535 1204 1597 extra
1230 1537 1386 1599 terram

189 1638 401 1704 resident.
425 1637 461 1705 Si
483 1638 606 1719 aliquis
630 1644 727 1705 extra
751 1637 912 1704 terminos
936 1638 1068 1719 regales
1087 1637 1241 1704 residens
1255 1638 1291 1703 in
1307 1637 1388 1704 civi·

189 1746 262 1810 1919
285 1747 401 1807 nostra
424 1760 483 1823 pro
508 1742 631 1808 debitis
655 1760 757 1822 super
787 1741 932 1821 aliquem
966 1740 1202 1820 querimoniam
1237 1742 1397 1824 moverit

189 1844 277 1911 infra
311 1846 456 1912 triduum
490 1845 556 1911 9191
588 1847 648 1913 fiat
678 1844 834 1929 justitiae
869 1846 1152 1926 complementum.
1201 1845 1243 1912 It.
1278 1846 1388 1912 nullus

189 1950 413 2016 hereditatem
436 1950 581 2030 aliquam
605 1948 755 2033 obligare
780 1950 880 2016 alteri
899 1949 953 2015 vel
969 1949 1143 2031 resignare
1162 1953 1305 2030 tenetur,
1323 1949 1390 2015 nisi

188 2072 301 2119 coram
321 2054 446 2135 judicio
470 2060 505 2121 91
524 2054 657 2136 juratis.
682 2054 717 2120 Si
733 2072 813 2121 vero
827 2055 932 2137 judex
947 2052 1078 2135 obierit,
1093 2052 1159 2118 alio
1175 2055 1389 2135 succedente,

190 2176 251 2239 per
269 2159 402 2241 juratos
425 2157 499 2223 illos
522 2158 763 2240 nichilominus,
792 2158 848 2237 qui
871 2156 1107 2239 obligationem
1141 2156 1271 2238 recipit,
1294 2176 1388 2225 suam

183 2261 354 2345 justitiam
378 2261 552 2328 obtinebit.
580 2261 657 2347 (Ib.)

663 2364 740 2429 Post
763 2368 823 2429 ort.
847 2362 919 2429 616.

293 2478 370 2545 201.
409 2478 467 2543 De
506 2476 826 2544 reclamatione
872 2479 1139 2545 sententiae.
1184 2477 1389 2563 Quicumque

188 2600 301 2647 coram
321 2582 446 2664 juratis
471 2588 505 2648 91
524 2582 650 2664 judicio
674 2584 878 2649 sententiam
894 2586 996 2647 latam
1012 2582 1258 2665 reclamaverit,
1274 2581 1389 2648 dicens

115 2710 118 2713 ·
189 2703 225 2750 99
249 2685 338 2752 99119
359 2685 528 2752 meliorem
550 2686 703 2752 invenire
737 2689 791 2753 vel
814 2688 983 2769 inducere,
1015 2696 1050 2752 et
1073 2686 1103 2752 91
1126 2704 1192 2751 non
1214 2685 1333 2752 fecerit
1355 2686 1390 2751 in

190 2787 349 2854 instanti:
373 2789 620 2869 qualescunque
644 2809 810 2872 expensae
835 2796 1033 2857 excrescent
1049 2808 1150 2870 super
1166 2791 1229 2855 boc
1244 2789 1389 2873 negotio,

168 2913 170 2919 ¹
189 2893 263 2973 1999
286 2891 396 2959 991991
420 2898 454 2957 91
477 2899 655 2975 praeterea
679 2895 786 2960 stabit
809 2912 869 2959 suo
889 2892 995 2977 judici
1017 2892 1052 2958 in
1076 2910 1183 2973 poena
1201 2892 1265 2957 LX
1280 2892 1338 2959 sol.
1354 2898 1391 2961 ct

190 2996 329 3063 99111991
347 2996 461 3078 jurato
485 2998 519 3062 in
542 2998 645 3063 XXX
676 2998 726 3084 (et
749 2998 797 3063 bii
819 2998 916 3062 991191
939 3002 1026 3069 Ι9991
1055 2995 1203 3080 breves).
1231 2996 1390 3083 (XVIII.)

294 3118 653 3186 202.Detestibus
671 3118 981 3200 supplentibus
998 3119 1390 3203 vicesjuratorum,

189 3222 262 3289 Das
274 3222 320 3286 ist
336 3223 446 3307 kegan
463 3225 535 3289 999
552 3224 728 3289 Onasslavs
746 3225 883 3307 geteilt:
898 3222 981 3288 Wer
996 3223 1061 3288 den
1077 3223 1205 3288 andern
1216 3223 1392 3304 anspricht

190 3327 251 3392 mit
266 3325 556 3408 leytkauffleuten,
574 3326 633 3392 mit
653 3329 889 3410 totpetleuten,
911 3327 972 3391 mit
986 3326 1231 3408 beyratleuten‚
1245 3326 1307 3392 mit
1321 3332 1390 3393 rat·

189 3433 314 3513 199199,
330 3432 390 3496 der
406 3430 454 3497 991
471 3450 532 3496 czu
556 3434 628 3497 999
652 3436 807 3515 9999199
831 3449 944 3497 czwen
969 3432 1079 3496 haben
1103 3431 1280 3496 darselbcn
1302 3432 1390 3513 leut3

190 3552 289 3602 99999
306 3534 434 3615 spricht
449 3553 525 3599 man
541 3534 638 3600 einen
653 3536 805 3602 manmit
822 3534 929 3601 91999
946 3552 999 3611 an,
1016 3534 1169 3599 derselbe
1181 3551 1257 3598 man
1268 3539 1392 3599 erwert

190 3638 310 3705 seinen
331 3638 399 3719 1919
422 3640 489 3703 999
513 3638 586 3703 9919
603 3644 664 3721 gut
679 3657 749 3721 pas,
766 3658 864 3705 wenn
880 3656 956 3703 man
971 3656 1017 3719 yn
1035 3638 1143 3703 199199
1159 3638 1392 3719 uberczeugen

190 3761 268 3825 mag
290 3741 351 3807 mit
374 3742 481 3807 91999
505 3740 755 3826 leylkauffman,
778 3744 861 3808 ader
884 3741 944 3806 mit
967 3740 1076 3807 ciuem
1091 3745 1290 3821 totpetman,
1308 3742 1392 3806 ader

190 3847 252 3912 mit
276 3844 383 3911 91999
406 3847 701 3930 999991999-9999
723 3849 864 3910 salman.
889 3843 969 3927 (32.)

663 3981 740 4046 Post
763 3984 823 4045 911.
848 3978 921 4044 630.

295 4097 372 4163 293.
395 4096 455 4163 De
477 4094 779 4162 theloneariis.
804 4092 1011 4176 Quicumque
1034 4093 1319 4160 theloneariorum
1342 4094 1389 4161 in·

186 4202 318 4285 justum
330 4199 463 4281 accepit
475 4198 677 4281 theloneum,
689 4199 817 4264 999999
834 4196 986 4262 honestis
1002 4195 1086 4261 viris
1102 4198 1275 4263 convictus
1288 4197 1393 4280 judici

190 4304 256 4370 LX
279 4303 402 4370 solidos
427 4307 462 4369 et
485 4302 623 4368 cuilibet
643 4303 756 4385 jurato
772 4300 877 4365 XXX
893 4300 1011 4382 solvet,
1035 4305 1070 4365 et
1086 4302 1258 4382 pecuniam
1275 4304 1392 4366 contra

1235 4399 1293 4477 aa*
