3275 5009
1293 290 1627 344 Brnnenses.
2554 294 2653 345 127

470 496 685 581 272j)
746 496 848 560 De
891 499 1153 562 emenda
1198 499 1555 582 specierum
1591 519 1723 582 per
1767 501 2101 563 institores
2160 502 2652 570 vendendarum.

276 602 331 666 A
370 601 516 684 lege
562 601 987 668 institoribus
1033 604 1118 669 de
1166 620 1337 669 novo
1384 607 1814 685 praeceptum
1860 608 1984 687 est,
2041 607 2214 685 quod
2269 608 2389 672 sub
2437 623 2651 687 poena

278 710 527 770 centum
574 725 672 788 gr.
717 707 882 793 dent
912 707 1285 772 ementibus
1319 707 1525 791 piper,
1557 726 1819 774 crocum
1854 710 1965 774 vel
1996 710 2363 776 consimilia
2393 710 2651 790 pondus

275 807 495 890 librae,
539 812 661 877 sub
708 828 835 891 quo
881 813 1172 892 pondere
1234 811 1440 879 etiam
1496 811 1627 893 ipsi
1688 813 1860 878 tales
1918 831 2028 878 res
2084 820 2355 896 emunt„
2390 817 2460 880 et
2518 831 2651 878 non

278 916 517 994 pondus
549 931 831 979 marcae.
863 913 956 979 Et
986 913 1056 979 in
1089 914 1340 981 eisdem
1372 921 1637 982 centum
1662 917 1914 1000 grossis
1933 917 2141 1000 judex
2165 918 2371 984 habet
2393 921 2648 982 tantum

277 1017 527 1083 tertiam
579 1024 857 1099 partem.
901 1019 1156 1085 Aurum
1185 1009 1362 1087 'vero
1413 1032 1481 1087 et
1527 1039 1820 1105 gemmas
1880 1026 2081 1100 atque
2131 1021 2534 1103 margaritas
2582 1028 2654 1086 et

279 1140 378 1188 res
422 1122 819 1207 consimiles,
866 1142 1033 1204 quae
1080 1127 1202 1191 sub
1250 1127 1545 1207 pondere
1591 1143 1858 1190 marcae
1905 1125 2104 1192 vendi
2150 1129 2656 1201 consueverunt,

280 1226 611 1293 institores
698 1230 777 1292 de
854 1233 1122 1294 caetero
1207 1245 1327 1309 per
1408 1229 1696 1294 lotonem
1760 1231 2054 1295 vendere
2132 1234 2450 1310 poterunt
2524 1232 2649 1296 sub

281 1332 494 1396 eodem
541 1332 836 1412 pondere
882 1332 1028 1397 sine
1076 1350 1305 1413 poena.

473 1468 703 1557 273.a)
748 1471 847 1533 De
895 1471 1158 1534 emenda
1191 1492 1325 1553 pro
1368 1472 1564 1556 yravi
1606 1473 1943 1536 invasione
1990 1472 2232 1541 domus,
2284 1473 2415 1539 Pro
2464 1472 2658 1556 gravi

278 1575 610 1641 invasione
656 1576 903 1659 domuS,
947 1575 1018 1640 111
1064 1594 1193 1654 qua
1238 1577 1518 1642 vulnera
1564 1581 1724 1642 sunt
1771 1576 2134 1661 commissa,
2175 1577 2363 1662 cujus
2398 1578 2656 1642 demon-

283 1679 504 1746 stratio
554 1697 699 1745 cum
745 1679 891 1745 fieri
954 1698 1075 1761 per
1136 1682 1349 1745 testes
1412 1699 1543 1744 non
1604 1685 1848 1762 potest,
1899 1681 2237 1747 dabuntur
2282 1681 2485 1766 judici
2531 1680 2657 1746 XL

283 1784 485 1866 grossi
532 1788 600 1849 et
646 1783 913 1849 civitati
956 1782 1111 1848 XX.
1156 1784 1287 1849 Pro
1334 1783 1573 1850 minori
1617 1803 1779 1853 vero
1827 1769 2172 1851 invasione
2237 1787 2462 1852 domus
2525 1802 2655 1851 non

282 1889 566 1969 probata,
605 1887 816 1971 ,iudex
861 1895 1125 1954 tantum
1171 1889 1447 1955 habebit
1494 1888 1767 1954 LXXII
1812 1907 2073 1969 parvos

472 2025 691 2110 273.b)
719 2026 821 2089 De
852 2027 1132 2092 emendis
1163 2028 1452 2110 antiquie
1476 2049 1587 2090 seu
1612 2024 2068 2092 communibus
2102 2026 2296 2093 Aliae
2323 2031 2658 2105 emendae,

284 2147 439 2208 quae
482 2131 566 2196 ab
613 2131 886 2210 antiquo
935 2149 1138 2215 super
1182 2132 1461 2198 statutis
1519 2130 1726 2198 factis
1792 2130 2053 2212 positae
2100 2135 2259 2196 sunt
2303 2132 2413 2196 vel
2459 2149 2659 2213 super

284 2233 502 2300 fiendis
563 2234 631 2300 in
691 2233 916 2301 futuro
985 2240 1391 2322 statuentur,
1450 2255 1634 2316 quae·
1685 2233 2034 2319 „gemacht
2095 2234 2391 2300 wandel“
2458 2235 2656 2320 vulgo

286 2338 598 2421 dicuntur,
643 2340 713 2405 in
759 2339 908 2417 illis,
954 2339 1132 2406 sicut
1162 2341 1231 2406 in
1263 2340 1577 2419 emendiS,
1619 2357 1790 2420 quae
1833 2339 1902 2403 in
1935 2337 2320 2422 Privilegiis
2354 2339 2656 2406 civitatis

288 2443 577 2524 specifice
643 2463 776 2509 non
842 2453 999 2511 sunt
1069 2462 1447 2527 expressae,
1510 2445 1720 2527 judex
1785 2444 1989 2508 habet
2059 2447 2318 2508 tantum
2385 2445 2657 2511 tertiam

287 2552 527 2627 partem
577 2554 647 2614 et
692 2548 934 2616 civitas
982 2551 1148 2614 duas
1197 2555 1463 2631 partes3
1509 2549 1567 2614 si
1598 2554 1824 2614 tamen
1854 2549 2063 2632 judex
2095 2547 2345 2613 eisdem
2379 2549 2658 2615 statutis

289 2667 493 2717 curam
552 2651 829 2718 adhibet
888 2653 1294 2736 diligentem.
1363 2653 1470 2718 Et
1543 2654 2028 2735 notandum,
2102 2653 2272 2730 quod
2349 2652 2659 2732 quicquid

288 2755 451 2820 cedit
476 2757 577 2821 ‘de
622 2755 898 2823 novitiis
943 2758 1025 2822 de
1071 2775 1243 2823 novo
1284 2759 1395 2842 jus
1443 2756 1744 2824 civitatis
1778 2755 2255 2837 obtinentibuS,
2290 2755 2415 2820 hoc
2447 2756 2654 2822 solius

288 2864 381 2923 est
410 2860 727 2937 civitatis
775 2861 932 2940 quia
962 2879 1095 2926 non
1126 2866 1233 2927 est
1265 2863 1563 2927 emenda.
1608 2859 1740 2926 Est
1769 2863 1995 2925 tamen
2028 2857 2445 2941 rationabile,
2485 2862 2660 2938 quod

288 2964 560 3030 novitius
607 2964 677 3030 111
722 2965 1173 3031 testimonium
1222 2966 1555 3030 adventus
1602 2962 1709 3028 sui
1756 2981 1874 3045 pro
1923 2978 2015 3042 e0,
2065 2964 2238 3041 quod
2285 2963 2662 3046 vulgariter

296 3067 620 3146 „vrkund“
671 3067 939 3150 dicitur,
985 3070 1149 3132 duos
1190 3067 1403 3149 jndici
1450 3069 1565 3134 det
1612 3084 1874 3149 parvos.

484 3171 971 3257 (Residuum
1021 3190 1345 3252 quaere
1392 3171 1787 3253 capitulo
1841 3170 1998 3253 „De
2043 3169 2438 3255 poenis“.)

480 3310 686 3396 273.c)
708 3310 810 3373 De
841 3310 1103 3375 emenda
1136 3309 1509 3376 bestiarum.
1534 3310 1681 3376 Lex
1711 3309 1876 3390 vult,
1902 3309 2093 3389 quod,
2125 3308 2183 3374 Si
2216 3307 2433 3375 bestia
2465 3311 2661 3379 aliam

293 3411 542 3480 laedens
587 3413 875 3480 bestiam
919 3415 1028 3481 vel
1075 3414 1385 3482 occidens
1430 3413 1701 3499 majoris
1743 3413 1946 3494 pretii
1973 3412 2179 3478 fuerit
2210 3430 2407 3491 quam
2440 3416 2662 3483 occisa

298 3521 355 3581 et
395 3517 689 3584 dominus
735 3517 1070 3585 laedentis
1118 3518 1586 3600 dampnificato
1646 3518 2003 3584 secundum
2049 3516 2460 3583 taxationem
2515 3538 2662 3600 pro-

292 3621 500 3688 borum
546 3622 839 3688 virorum
886 3633 1165 3702 paratus
1222 3623 1312 3689 sit
1373 3621 1805 3689 satisfacere:
1866 3622 1935 3687 111
1994 3620 2121 3685 hoc
2166 3624 2665 3691 contentabitur

294 3723 422 3805 ipso
459 3727 626 3811 jure.
673 3725 791 3791 Sin
837 3731 1076 3807 autem,
1122 3731 1281 3792 tunc
1313 3726 1676 3793 secundum
1708 3723 2056 3791 arbitrium
2083 3722 2453 3805 Juratorum
2487 3727 2666 3795 inter

295 3836 503 3910 partes
569 3833 848 3898 emenda
920 3831 1401 3899 satisfactionis
1466 3830 1936 3911 dampnificato
2009 3830 2385 3909 deputetur.
2454 3831 2561 3897 Et
2607 3834 2667 3899 si

298 3935 522 4001 animal
566 3939 830 4002 brutum
882 3936 1168 4016 aliquem
1213 3936 1511 4019 laeserit,
1558 3936 1639 4001 de
1687 3935 1810 4001 tali
1857 3933 2134 3999 emenda
2180 3950 2429 4012 quaere
2461 3954 2664 4019 supra

300 4039 541 4106 rubrica
599 4040 739 4121 „De
785 4039 1240 4107 animalibus“.

484 4179 701 4260 273.d)
731 4178 832 4241 De
864 4179 1123 4244 emenda
1153 4180 1476 4262 pistorum
1509 4179 1576 4240 in
1608 4178 1830 4243 debita
1866 4177 2227 4260 quantitate
2252 4179 2454 4258 panis
2487 4203 2664 4245 exce-

309 4274 581 4347 dentium.
626 4281 824 4349 Licet
868 4281 1176 4366 magistri
1208 4282 1530 4364 pistorum
1562 4283 1650 4346 ad
1682 4280 2029 4348 consilium
2053 4279 2425 4362 Juratorum
2462 4286 2663 4353 dedu-
