3275 5009
1396 405 1730 458 Brunenses.
2656 408 2763 459 215

359 610 489 677 nisi
512 612 636 677 sub
658 614 842 676 certo
860 610 1264 694 testimonie,
1288 610 1601 692 recipiat3
1620 612 2021 676 contrarium
2044 631 2204 677 vero
2222 612 2476 678 faciens
2498 617 2759 680 tantum

359 715 578 781 solvet
598 732 716 795 pro
738 716 1033 798 emenda,
1057 719 1376 795 quantum
1404 734 1513 782 res
1535 715 1846 797 valuerit,
1866 735 2035 796 quae
2062 717 2188 782 sibi
2214 718 2420 783 fuerit
2444 720 2761 802 obligata.

563 863 707 925 569.
783 861 883 924 De
951 862 1345 947 pignoribus
1431 883 1648 924 coram
1696 864 1957 948 judicio
2025 862 2461 946 publicandi&
2559 867 2755 932 Licet

358 966 603 1049 pignus
649 985 770 1050 pro
816 965 1076 1033 fertone
1125 972 1198 1033 et
1243 985 1449 1050 supra
1498 985 1616 1048 per
1654 967 1947 1051 judicem
1994 969 2207 1034 actori
2257 971 2477 1034 datum
2528 989 2749 1036 coram

359 1072 577 1137 tribus
618 1069 890 1154 judiciis
951 1073 1196 1138 debeat
1263 1070 1612 1154 publicari,
1673 1077 1895 1138 tamen
1953 1073 2011 1137 si
2074 1073 2316 1157 pignus
2362 1074 2500 1139 tale
2546 1074 2755 1141 fuerit

359 1193 485 1257 reS,
557 1192 727 1255 quae
795 1178 1052 1255 absque
1122 1176 1401 1256 dampno
1479 1193 1558 1241 ac
1633 1176 1739 1240 sui
1814 1176 2026 1259 ipsius
2104 1178 2562 1244 destructione
2635 1197 2761 1262 per

358 1287 624 1362 tempus
672 1279 895 1345 trium·
911 1279 1331 1363 judiciorum,
1377 1279 1640 1346 scilicet
1688 1281 1782 1346 VI
1828 1281 2257 1363 septimanae,
2310 1284 2574 1348 servari
2619 1303 2749 1349 non

356 1388 641 1464 possunt
686 1381 1081 1470 (cujusmodi
1153 1389 1312 1449 sunt
1369 1402 1607 1450 carnes
1669 1385 1985 1452 aestivali
2046 1393 2342 1468 tempore
2399 1392 2761 1470 mactatae,

359 1505 478 1554 seu
551 1488 744 1570 panis
812 1489 1039 1554 eodem
1112 1492 1409 1569 tempore
1477 1498 1791 1555 recenter
1854 1489 2162 1573 pistatuS,
2235 1490 2343 1556 vel
2388 1491 2613 1557 vinum
2672 1494 2761 1558 ad

357 1609 678 1656 summam
725 1592 1178 1658 maturitatem
1227 1598 1637 1673 perventum,
1690 1591 1818 1676 {vel
1864 1592 2117 1672 aliquid
2160 1593 2314 1659 istis
2360 1593 2758 1683 consimile):

355 1696 836 1778 illud-‘pignus
905 1714 1027 1778 per
1084 1699 1378 1762 actorem
1441 1698 1672 1763 eodem
1732 1696 1859 1779 die,
1929 1716 2056 1778 quo
2113 1697 2240 1763 sibi
2286 1717 2407 1779 per
2460 1699 2749 1781 J’udicem

354 1801 775 1885 assignatum
819 1800 1045 1882 fuerit,
1080 1801 1276 1866 vendi
1311 1820 1428 1866 seu
1460 1800 1661 1865 aliter
1692 1802 1761 1866 in
1794 1802 2104 1868 denarios
2148 1803 2447 1868 converti
2486 1803 2759 1886 poterit,

350 1904 498 1986 ipso
583 1904 747 1972 iure.
837 1905 1058 1988 Majus
1125 1904 1299 1970 enim
1368 1904 1622 1970 lucrum
1686 1904 2059 1986 hujusmodi
2136 1906 2361 1971 subita
2431 1907 2753 1989 venditio,

354 2027 550 2089 quam
604 2011 747 2093 ejus
792 2009 989 2091 longa
1034 2010 1401 2089 protractio
1449 2008 1711 2075 domino
1763 2011 2057 2093 pignoris
2105 2011 2475 2094 generabit.

566 2148 715 2211 570.
760 2148 862 2210 De
898 2149 1251 2232 piqnorum
1285 2146 1678 2232 obligatione
1722 2148 1839 2210 sub
1873 2158 2043 2210 certo
2092 2151 2379 2214 termino.
2430 2149 2753 2233 Quamvis

350 2253 640 2319 debitor
669 2251 971 2334 promisit
1017 2250 1337 2319 creditori
1383 2253 1681 2318 debitum
1728 2259 1915 2320 certo
1963 2255 2243 2320 termino
2312 2255 2569 2320 solvere
2623 2256 2742 2321 sub

356 2375 572 2438 poena
621 2357 906 2438 dampni,
949 2364 1172 2422 tamen
1220 2360 1277 2421 si
1311 2357 1643 2422 solutione
1690 2359 2001 2441 neglecta
2046 2375 2275 2439 agrum
2311 2358 2437 2423 sibi
2475 2357 2750 2442 obligat.

353 2461 547 2543 cujus
595 2469 863 2545 segetes
895 2459 1108 2541 metit,
1155 2459 1264 2527 vel
1299 2459 1577 2541 vineam,
1624 2460 1813 2542 cujus
1849 2461 2071 2527 vinum
2120 2461 2396 2545 colligit,
2441 2462 2749 2542 quamdiu

350 2565 650 2632 creditor
695 2566 832 2630 tale
885 2563 1120 2646 pignus
1181 2564 1290 2630 vel
1340 2563 1540 2645 aliud,
1602 2566 1793 2648 cujus
1839 2565 2099 2631 fructus
2148 2567 2469 2648 percepit,
2528 2574 2761 2632 tenet:

350 2687 484 2735 non
528 2673 758 2750 potest
818 2669 901 2734 de
939 2668 1094 2752 jure
1141 2667 1430 2734 debitori
1476 2669 1827 2750 dampnum
1893 2675 2300 2751 computare,
2369 2688 2492 2735 nec
2540 2671 2755 2751 ipsum

351 2775 439 2838 ad
484 2775 920 2854 dampnorum
967 2771 1364 2853 compellere
1413 2790 1927 2854 recompensam.

562 2911 710 2978 571.
801 2911 903 2973 De
983 2908 1378 2995 piqnoribus
1469 2911 1729 2976 dandis,
1824 2911 2014 2978 Licet
2104 2929 2186 2976 ex
2261 2913 2752 2978 consuetudine

348 3020 682 3098 servetur,
709 3017 883 3096 quod
911 3013 1224 3098 quicquid
1258 3014 1555 3080 creditor
1579 3014 1649 3081 in
1674 3019 2013 3096 potestate
2036 3014 2363 3082 debitoris
2387 3015 2746 3093 invenerit,

349 3122 481 3186 hoc
526 3119 675 3200 sibi,
719 3119 777 3184 si
814 3121 997 3201 petit,
1046 3120 1137 3184 sit
1170 3119 1447 3203 pignore
1479 3137 1599 3201 per
1623 3119 1920 3202 judicem
1966 3120 2477 3203 assignandum3
2523 3131 2747 3186 tamen

349 3226 479 3291 hoc
531 3224 601 3289 in
648 3225 867 3300 rebus,
926 3241 1097 3303 quae
1158 3241 1291 3290 non
1355 3222 1530 3288 omni
1579 3234 1877 3304 tempore
1935 3224 2081 3290 sine
2150 3226 2431 3305 dampno
2480 3226 2563 3290 de
2610 3224 2754 3292 loco

348 3332 468 3396 ad·
501 3329 716 3395 locum
787 3327 1143 3394 transferri
1213 3334 1514 3409 possunt,
1583 3327 1825 3393 stricte
1893 3328 2154 3394 servari
2230 3346 2358 3394 non
2426 3334 2757 3410 opportet.

347 3433 624 3500 Debent
684 3449 845 3515 ergo
913 3430 1093 3498 cauti
1141 3430 1509 3497 creditores
1558 3449 1725 3509 esse,
1796 3434 1972 3514 quod
2023 3432 2304 3517 pignora
2350 3431 2448 3499 eis
2496 3433 2757 3499 tradita

351 3538 531 3621 apud
597 3553 671 3602 se
717 3541 788 3602 et
832 3534 903 3601 in
963 3552 1191 3602 eorum
1252 3535 1597 3602 retineant
1652 3534 1981 3603 clausura.
2049 3534 2368 3616 Alioquin
2415 3536 2473 3602 si
2524 3534 2754 3620 pigno·

353 3643 540 3707 ribus
610 3641 858 3706 eisdem
921 3637 1339 3705 debitoribus
1408 3639 1653 3704 iterum
1709 3638 2096 3722 assignatiS,
2163 3642 2285 3706 sub
2341 3653 2753 3723 quacumque

355 3747 559 3812 etiam
605 3745 1125 3826 specificatione,
1197 3743 1541 3809 dummodo
1589 3742 1868 3809 aliorum
1930 3745 2334 3811 creditorum
2382 3762 2752 3812 consensus

355 3867 486 3916 non
533 3849 871 3930 adveniat,
921 3849 1039 3913 hoc
1091 3848 1468 3930 contingat:
1516 3849 1633 3914 alii
1680 3849 2066 3931 creditoreS,
2114 3852 2172 3914 si
2206 3854 2468 3931 petunt,
2514 3851 2752 3916 eadem

358 3954 638 4037 pignora
682 3952 751 4021 in
800 3957 1141 4034 potestate
1187 3951 1560 4018 debitorum
1608 3954 1906 4034 inventa,
1951 3952 2281 4033 recipient
2313 3952 2479 4034 ipsis
2521 3961 2751 4019 aucto-

360 4058 564 4124 ritate
621 4056 868 4140 ,iudicis
932 4054 1295 4139 assignata.
1387 4053 1556 4121 Nam
1602 4055 1990 4136 creditoreS,
2057 4057 2171 4137 qui
2225 4057 2506 4140 pignora
2552 4062 2754 4138 capta

331 4159 600 4227 ·‘iterum
636 4159 1069 4243 debitoribus,
1120 4176 1250 4226 non
1279 4159 1464 4226 facta
1493 4158 1842 4243 solutione,
1874 4161 2309 4242 committunt,
2353 4160 2423 4226 in
2452 4159 2752 4227 fraudem

360 4264 633 4332 aliorum
680 4264 1081 4332 creditorum
1117 4264 1241 4330 hoc
1274 4262 1500 4330 facere
1532 4265 1881 4344 videntum
1926 4282 2134 4346 quare
2168 4264 2352 4331 fraus
2384 4283 2517 4330 non
2547 4266 2752 4331 debet

364 4367 475 4452 εἰς,
520 4375 841 4450 quantum
885 4371 969 4436 ad
1016 4369 1162 4452 hoc,
1207 4366 1597 4446 aliqualiter
1646 4367 2019 4450 suffragari.
