3275 5009
277 343 329 395 224
793 345 958 399 Sententiae

279 550 482 616 scunarium
505 550 711 619 formidatur.
737 553 882 634 Tempus
907 555 1017 630 etiam,
1042 573 1105 634 quo
1128 554 1277 620 homines
1292 553 1420 622 intrare
1435 558 1477 620 et

278 654 369 719 exire
393 654 558 733 dicuntur,
580 675 646 723 non
669 660 773 723 totam
799 663 930 723 noctem
952 657 1059 737 quieti
1082 658 1245 724 hominnm
1266 659 1478 741 depumtam,

277 759 336 823 sed
348 759 491 838 aliquam
505 763 578 844 ejus
594 766 725 842 partem
742 763 921 826 secundum
940 779 1140 827 communem
1157 761 1475 843 interpretationem

275 861 409 930 videtur
431 863 679 931 rationabiliter
706 865 896 947 importare.

475 1054 723 1137 Capitulum
746 1055 823 1120 LV:
845 1055 904 1120 De
928 1054 1272 1137 proscriptione.

377 1193 449 1256 598.
480 1193 530 1256 De
557 1193 863 1277 proscriptionibus
894 1193 929 1255 in.
957 1214 1079 1279 pertore.
1113 1193 1298 1260 Secundum
1330 1193 1478 1260 diversir

272 1298 376 1362 tatem
422 1297 545 1364 causae
581 1302 615 1364 et
644 1297 764 1379 judicii
809 1297 926 1365 citatio
973 1297 1146 1381 praecedit
1191 1297 1471 1380 proscriptionem

273 1399 511 1467 diversimode:
545 1401 585 1467 In
612 1401 749 1482 judiciis
783 1401 869 1468 enim
891 1400 1099 1482 simplicibus
1121 1403 1157 1466 in
1179 1401 1286 1467 tribus
1309 1412 1467 1481 quatuor·

273 1505 378 1570 decim
402 1505 518 1573 diebus
542 1506 649 1573 tribus
673 1505 800 1572 citatur
823 1507 953 1572 vicibus
977 1506 1251 1589 proscribendus,
1273 1505 1340 1571 nisi
1366 1505 1479 1572 fuerit

272 1625 375 1674 causa
396 1608 679 1690 mortificationis3
709 1615 790 1674 tunc
817 1608 905 1675 enim
937 1611 1052 1676 eodem
1081 1614 1231 1690 tempore
1260 1609 1377 1676 citatio
1409 1627 1479 1691 per·

271 1714 376 1780 verba
405 1717 459 1778 ter
481 1713 710 1795 praemittitur
740 1719 776 1779 et
803 1714 919 1779 statim
950 1712 1151 1795 proscriptio
1183 1713 1397 1780 subinfertur.
1427 1714 1469 1779 In

265 1816 402 1898 judiciis
425 1836 505 1884 vero
528 1818 762 1899 peremptoriis
786 1805 895 1885 tribus
917 1817 1035 1884 diebus
1058 1835 1119 1900 per
1134 1818 1282 1884 ordinem
1298 1816 1476 1883 continuis·

269 1922 526 2004 proscribendus
547 1922 672 1989 citatur
688 1929 724 1989 et
738 1923 793 1989 die
809 1928 930 2002 quarta
945 1923 980 1988 in
995 1922 1239 2005 proscriptione
1255 1923 1467 2003 dampnatur.

269 2025 315 2092 Et
339 2026 367 2092 si
391 2027 649 2108 proscribendus
671 2032 749 2109 post
772 2034 903 2092 ternam
925 2025 1202 2108 proscriptionem
1222 2025 1348 2108 judicio
1379 2044 1468 2092 com·

268 2133 421 2212 paruerit
442 2130 514 2197 sine
538 2131 753 2198 [ulterioribus
776 2131 928 2196 terminis
951 2137 987 2197 et
1005 2129 1152 2213 judiciis,
1183 2130 1226 2195 ad
1249 2130 1382 2214 objecta
1406 2147 1476 2212 per·

268 2237 399 2301 modum
422 2234 686 2317 expurgationis,
708 2233 911 2301 defensionis
935 2237 990 2302 vel
1012 2234 1122 2310 alium,
1147 2233 1203 2314 qui
1226 2233 1291 2299 sibi
1306 2233 1476 2314 expedire

269 2337 448 2424 videbitur,
469 2339 695 2420 respondebit.

371 2470 444 2558 599.
472 2496 522 2560 De
538 2496 798 2580 proscriptionis
822 2496 912 2559 bora.
942 2494 1005 2572 llli,
1028 2496 1084 2574 qui
1115 2501 1168 2561 est
1198 2496 1475 2577 proscribendus,
1603 2482 1604 2497 ³

268 2600 358 2666 cedit
397 2604 529 2666 tantum
565 2601 659 2676 hora,
697 2603 762 2679 qud
795 2599 899 2680 judex
937 2599 1099 2666 tribunali
1137 2598 1309 2681 praesidet
1345 2607 1471 2680 quarto-

263 2703 397 2789 judicio,
422 2708 457 2770 et
480 2721 545 2770 non
568 2707 640 2769 tota
665 2703 744 2769 dies.

368 2845 443 2909 600.
466 2841 517 2906 De
540 2841 739 2926 proscriptio
763 2843 798 2904 iu
818 2863 918 2926 apem,
933 2850 1042 2903 utrum
1058 2838 1174 2924 ubique
1190 2842 1257 2903 rint
1266 2845 1466 2928 proscripti.

265 2947 460 3030 Proscripti,
483 2946 655 3028 potissime
677 2945 808 3013 ratione
833 2963 1009 3012 cansarum
1034 2944 1259 3029 honestarum,
1291 2964 1356 3014 non
1387 2966 1463 3014 con·

265 3057 450 3120 sueverunt
472 3052 513 3117 ab
537 3049 674 3130 antiqno
697 3053 866 3128 tamqnam
897 3048 1078 3130 proscripti
1101 3053 1136 3114 et
1159 3049 1310 3116 omnibns
1328 3051 1464 3133 juribus

264 3155 391 3237 privati
409 3156 486 3239 jure
510 3153 601 3221 civili
625 3152 872 3236 condempnari,
893 3152 957 3218 imo
974 3153 1022 3217 eis
1039 3168 1182 3232 persona
1198 3153 1321 3237 standi,
1337 3155 1462 3237 agendi

265 3264 301 3325 et
324 3257 526 3325 defendendi
548 3257 583 3323 in
601 3256 739 3340 judiciis
758 3275 824 3324 non
840 3261 993 3339 negatur.
1016 3257 1115 3324 Unde
1130 3257 1257 3323 latores
1272 3257 1465 3330 litterarum

264 3365 350 3431 tales
374 3362 579 3447 proscriptos
604 3362 806 3444 impetentes
830 3361 990 3428 interris
1013 3362 1282 3444 quibuscumque,
1307 3363 1348 3426 de
1371 3363 1460 3447 jnra-

264 3472 374 3535 mento
398 3466 606 3550 calumpniae
630 3469 754 3533 debent
778 3465 980 3548 supportari.
1004 3465 1051 3530 Et
1074 3465 1103 3531 si
1119 3466 1327 3547 proscriptus
1343 3467 1380 3532 in
1394 3465 1462 3532 alia

263 3579 356 3640 terra
389 3572 443 3638 hic
474 3590 533 3654 pro
567 3571 743 3638 homicidio
779 3569 977 3652 simpliciter
1010 3568 1238 3652 impeteretur,
1266 3570 1469 3653 juramento

263 3676 406 3760 simplici
439 3693 475 3742 se
506 3677 541 3742 in
573 3693 671 3743 cruce
705 3673 931 3758 personaliter
965 3678 1138 3756 expurget.
1172 3672 1208 3738 Si
1242 3678 1352 3740 autem
1388 3692 1459 3740 cnm

263 3780 407 3847 testibus
430 3780 465 3845 in
489 3798 562 3847 eum
584 3784 714 3863 ageret,
736 3782 917 3862 oporteret,
939 3779 1027 3857 quod
1043 3795 1080 3842 se
1096 3795 1170 3842 cnm
1185 3777 1331 3845 testibus
1346 3778 1466 3844 defenr

262 3886 359 3950 deret
382 3902 400 3950 e
423 3902 600 3964 converso,
624 3888 659 3950 et
683 3883 713 3949 si
731 3882 875 3965 jnrando
898 3883 1036 3948 caderet
1063 3881 1116 3949 vel
1140 3880 1347 3949 defendendo
1379 3882 1465 3949 deli*

263 3999 364 4067 ceret,
387 3989 525 4071 capitali
548 3987 719 4054 sententia
741 3987 956 4070 plecteretur.

366 4093 445 4159 Oum
480 4110 559 4176 ergo
594 4092 726 4176 dicitnr,
771 4093 857 4171 quod
887 4087 995 4172 jnrati
1028 4090 1150 4155 testari
1183 4094 1322 4172 possunt
1361 4095 1465 4156 extra,

257 4197 419 4283 judicium
434 4196 604 4278 proprium
619 4212 680 4278 per
694 4195 830 4262 litteras
846 4195 888 4259 de
904 4191 1113 4275 proscriptis,
1123 4192 1186 4259 hoc
1201 4192 1456 4276 intelligendum

262 4309 314 4368 est
349 4301 527 4384 praecipue
557 4300 598 4366 de
625 4297 748 4383 juratis
779 4304 814 4364 et
841 4297 977 4381 judiciis
1007 4297 1196 4363 fruentibus
1226 4299 1343 4363 eodem
1368 4295 1463 4380 jnre.
