3275 5009
297 333 347 386 144
813 333 977 388 Sententiae

400 541 474 605 328.
512 539 563 600 De
600 539 835 603 hereditatibus
873 543 1028 623 quomodo
1062 544 1285 626 praescriptio
1319 544 1494 606 interram·

290 653 407 728 petar.
453 643 489 712 Si
533 649 651 712 contra
694 644 896 728 allegantem
941 663 1002 726 per
1046 649 1178 728 tempus
1215 647 1495 730 praescriptionis
1580 648 1582 652 ‘

296 747 408 828 quiete
430 749 652 816 hereditatem
675 749 748 815 sine
782 749 1029 830 interruptione
1051 768 1089 817 se
1111 751 1261 818 tenuisse
1285 751 1495 820 sufficienter

297 854 439 934 probata
461 851 572 930 fuerit,
595 853 798 935 interruptio
822 853 1099 935 praescriptionis
1123 873 1191 921 non
1211 857 1351 922 tenebit.
1386 855 1493 922 Inter·

295 956 461 1037 rumpitur
497 961 609 1024 autem
647 957 869 1039 praescriptio
906 959 1105 1038 quandoque
1142 977 1204 1040 per
1240 959 1495 1026 inundationem

295 1077 465 1144 aquarum,
488 1061 576 1126 sicut
600 1061 631 1127 si
652 1060 862 1128 hereditates
885 1062 981 1141 aquis
1003 1061 1135 1130 vicinae
1165 1062 1201 1128 in
1231 1068 1361 1130 tantum
1396 1064 1489 1129 inun-

296 1163 431 1230 datione
465 1183 626 1245 aquarnm
661 1163 915 1248 perfundantur,
948 1167 1037 1244 quod
1075 1165 1239 1248 possideri
1277 1165 1497 1249 perceptione

294 1267 462 1335 fructuum
496 1286 562 1335 non
595 1269 734 1352 possint.
770 1269 976 1353 Quandoque
1008 1269 1109 1336 etiam
1140 1269 1342 1351 interruptio
1371 1270 1412 1336 fit
1434 1288 1496 1351 per

295 1372 516 1455 dejectionem
539 1374 594 1440 vel
609 1373 846 1456 expulsionem,
862 1376 898 1440 et
913 1376 1112 1454 quandoque
1128 1392 1188 1457 per
1201 1375 1493 1454 proclamationem

295 1481 330 1541 et
353 1478 628 1558 protestationem
662 1496 772 1545 coram
802 1476 918 1559 judice
950 1478 1004 1544 vel
1038 1478 1105 1559 illo,
1139 1479 1233 1562 cujus
1267 1479 1424 1562 interest,
1450 1479 1492 1543 de

295 1580 444 1648 violenta
466 1582 685 1664 occupatione
700 1581 835 1666 factam,
852 1586 887 1648 et
901 1582 965 1648 hoc
975 1582 1166 1664 praecipue,
1182 1585 1315 1661 quando
1325 1582 1495 1650 violentus

295 1701 469 1765 possessor
492 1689 545 1751 est
567 1687 690 1752 absens
714 1691 749 1753 et
773 1686 945 1753 conveniri
969 1704 1036 1751 non
1058 1691 1173 1768 potest
1188 1685 1358 1766 exaliqua
1381 1703 1489 1752 causa.

294 1787 390 1870 Item,
414 1806 474 1872 per
497 1789 693 1856 solutionem
717 1790 852 1857 debitae
874 1789 1055 1871 pensionis,
1072 1789 1161 1856 sicut
1176 1790 1206 1855 si
1220 1789 1341 1868 aliquis
1357 1806 1492 1856 censum

295 1892 552 1960 determinatum
575 1895 616 1958 de
639 1895 733 1959 domo
757 1899 925 1961 conventa
958 1893 1108 1974 pluribus
1142 1894 1237 1959 annis
1271 1893 1392 1978 solvat,
1427 1910 1490 1958 non

294 2000 409 2078 potest
432 1998 583 2080 probare,
607 1998 693 2077 quod
716 2015 757 2064 ex
787 1995 1054 2079 praescriptione
1090 1998 1204 2063 domus
1237 1997 1424 2081 hujusmodi
1447 1997 1488 2060 ad

258 2137 262 2145 ·
295 2119 332 2168 se
359 2106 501 2182 spectat.

399 2241 471 2306 329.
495 2237 588 2310 Quod
610 2239 768 2304 uiolentus
793 2250 969 2322 occupator
990 2259 1053 2301 uou
1074 2237 1284 2324 praescrihit.
1317 2239 1493 2323 Violentus

296 2345 396 2410 etiam
420 2349 608 2426 occupator,
632 2344 713 2410 licet
735 2344 848 2409 multis
882 2344 979 2411 anuis
1012 2345 1100 2411 bena
1131 2348 1248 2410 teneat
1274 2341 1489 2422 hereditaria,
1582 2424 1584 2437 ἰ

295 2451 416 2532 ωηηοη,
441 2448 518 2529 quia
541 2447 702 2515 violentia
724 2448 855 2530 legibus
878 2452 931 2515 est
955 2448 1134 2532 contrarie,
1157 2455 1314 2516 cessante
1329 2445 1487 2516 violentia

295 2569 356 2634 per
386 2569 501 2619 verum
522 2553 680 2618 heredem
712 2570 733 2617 a
766 2553 862 2618 bonis
896 2551 1083 2636 hujusmodi
1115 2551 1301 2634 repellitur,
1335 2570 1397 2618 nec
1429 2567 1490 2633 per

295 2655 602 2740 praescriptionem,
625 2657 654 2722 si
677 2674 748 2722 eam
765 2656 974 2740 allegaverit,
991 2658 1118 2738 poterit
1133 2677 1171 2724 se
1186 2659 1284 2726 tueri
1307 2659 1488 2724 Possessor

295 2759 382 2825 enim
405 2760 511 2826 malae
534 2759 612 2826 fidei
633 2759 723 2826 nullo
740 2765 890 2842 tempore
906 2761 1116 2842 praescribit.
1139 2762 1187 2828 De
1203 2761 1373 2845 perceptis
1389 2761 1487 2828 etiam

294 2867 444 2946 tempore
460 2863 641 2931 violentiae
656 2863 771 2930 heredi
788 2862 978 2930 satisfaciet
1000 2865 1073 2946 ipso
1087 2866 1182 2950 jure;
1198 2866 1300 2932 debet
1315 2865 1402 2933 enim
1416 2864 1488 2946 ipse

270 2968 394 3034 vheres
417 2967 599 3034 violentam
623 2968 868 3050 possessiouem
891 2969 1096 3050 occupantis,
1120 2969 1275 3049 quamdiu
1306 2965 1486 3046 duraverit,

296 3072 392 3139 anuis
402 3071 541 3154 singulis
549 3075 611 3139 sub
624 3071 870 3155 protestatione
882 3072 1044 3155 solempni
1055 3091 1167 3140 coram
1172 3073 1303 3158 judicio,
1311 3073 1483 3156 publicare.

402 3208 512 3295 stoc)
527 3210 576 3272 De
584 3211 821 3292 protestatione
832 3231 888 3271 seu
902 3209 1078 3290 „vrbacd“.
1097 3210 1235 3296 Quando
1251 3230 1332 3292 pars
1348 3214 1485 3278 adversa

295 3319 498 3397 potestatem
526 3313 672 3398 judicem
706 3314 851 3381 adcundi
886 3320 921 3379 et
951 3333 1011 3396 pro
1046 3333 1147 3381 causa
1180 3316 1365 3397 placitandi
1389 3314 1486 3382 habet

297 3437 369 3484 cum
393 3418 603 3486 adversario:
627 3422 709 3484 ωηο
732 3419 933 3500 protestatio
956 3437 1017 3501 per
1053 3419 1225 3501 ,vrhund“
1258 3418 1350 3485 facta
1374 3431 1485 3503 parum

296 3522 396 3590 valet.
421 3524 499 3589 Cum
522 3528 635 3588 autem
659 3523 749 3589 dicta
773 3526 926 3605 potestas
949 3524 1046 3589 abest
1062 3522 1161 3606 parti,
1186 3527 1268 3588 tunc
1283 3519 1482 3605 protestatio

295 3627 497 3709 interposita
521 3627 562 3692 de
584 3626 727 3707 placitis,
757 3627 889 3706 quando
911 3625 1055 3692 facultas
1077 3625 1190 3710 fuerit,
1211 3627 1383 3711 habendis
1404 3629 1486 3693 bene

296 3731 397 3814 valet,
419 3731 589 3795 dummodo
614 3729 815 3798 adveniente
839 3728 1089 3814 opportunitate
1119 3729 1278 3815 judicium
1302 3731 1480 3797 inchoetur.

400 3867 507 3954 330h)
523 3870 573 3932 De
590 3868 776 3954 differentia
789 3869 1051 3952 protestationis.
1067 3868 1201 3950 Duplex
1216 3874 1270 3936 est
1291 3864 1482 3952 protestatio

296 3973 369 4040 sive
395 3975 583 4058 ,vrkund“:
608 3974 746 4041 Occulta
770 3977 805 4039 et
821 3971 1007 4040 manifeste.
1031 3972 1066 4039 si
1083 3972 1224 4055 occulte,
1238 3973 1299 4057 ita,
1314 3975 1401 4054 quod
1415 3972 1481 4053 ejus

297 4077 418 4144 notitia
440 4080 483 4143 ad
506 4077 605 4162 illum,
628 4077 682 4144 cui
705 4078 806 4143 debet
828 4079 956 4160 obesse,
978 4095 1044 4142 non
1059 4075 1245 4158 perveniat,
1266 4094 1332 4143 uon
1347 4076 1482 4152 videtur,
1582 4160 1584 4169 Ι

297 4184 385 4263 quod
408 4181 472 4248 sibi
495 4189 623 4250 noceat.
655 4181 691 4248 Si
720 4185 833 4249 autem
867 4180 1009 4262 publice,
1043 4179 1102 4263 ita,
1135 4181 1223 4259 quod
1254 4198 1315 4262 per
1345 4177 1476 4265 judicem

297 4286 395 4370 parti,
412 4290 529 4353 contra
542 4304 636 4365 quam
649 4285 697 4364 fit,
708 4284 934 4370 significetur:
945 4288 1026 4351 tunc
1039 4285 1204 4364 quandam
1220 4282 1482 4366 probabilitatem
