3275 5009
683 315 851 368 Brunenses.
1313 314 1364 364 211

161 524 322 599 uidentur
344 521 513 604 adbiberi3
542 521 723 604 puniuntur
752 527 874 604 autem,
908 540 982 587 cum
1012 520 1086 603 quis
1120 539 1181 601 per
1214 521 1297 586 iram
1321 523 1363 586 ab

162 633 329 693 extraneo
353 627 506 707 pulsatus
532 632 593 693 est.
1357 673 1364 678 -

268 731 418 796 Persona
448 730 630 813 dupliciter
660 735 851 813 spectatur:
885 728 978 811 Ejus
1008 727 1187 810 quiteria,
1217 733 1252 793 et
1282 731 1363 813 ejus,

161 835 220 914 qui
245 853 364 917 passus
389 839 449 900 est.
488 835 598 901 Aliter
622 834 709 901 enim
733 835 917 918 puniuntur
939 852 982 900 ex
1006 833 1128 898 eisdem
1158 831 1362 899 facinoribus

165 956 283 1004 servus
307 955 404 1018 quam
428 936 535 1020 liberi,
559 942 594 1003 et
617 937 726 1014 aliter,
749 937 807 1016 qui
829 938 863 1001 in
880 936 1054 1018 dominum,
1073 940 1246 1017 parentem
1261 955 1362 1003 ausus

161 1047 226 1124 est,
251 1060 349 1121 quam
372 1041 428 1120 qui
458 1041 493 1106 in
517 1046 729 1120 extraneum3
760 1042 793 1106 in
824 1039 1021 1123 magistrum
1043 1041 1100 1106 vel
1128 1039 1163 1106 in
1186 1041 1362 1123 privatum.

147 1165 150 1172 ’
166 1145 211 1211 Et
227 1146 261 1212 in
277 1146 464 1228 hujusmodi
481 1147 531 1211 rei
556 1145 823 1210 consideratione
847 1143 971 1210 aetatis
988 1144 1090 1210 etiam
1105 1144 1193 1210 ratio
1209 1145 1363 1212 habetur.

269 1250 378 1315 Locus
409 1248 501 1326 facit,
530 1253 569 1314 ut
599 1249 686 1314 idem
709 1250 764 1315 vel
786 1249 911 1315 furtum
939 1250 993 1314 rel
1017 1249 1228 1332 sacrilegium
1252 1249 1297 1314 sit
1328 1258 1363 1316 et

161 1354 276 1436 capite
300 1353 500 1434 puniendum
524 1353 581 1420 vel
602 1353 721 1420 minori
744 1352 918 1435 supplicio.

269 1457 413 1538 Tempus
436 1456 601 1523 discernit
623 1455 730 1522 iurem
755 1457 908 1522 diurnum
932 1476 952 1522 a
975 1462 1146 1522 nocturno.

267 1559 431 1643 Qualitas,
463 1577 537 1624 cum
567 1558 693 1626 factum
724 1559 873 1626 atrocius
903 1560 960 1625 vel
981 1559 1090 1625 levius
1114 1566 1176 1642 est,
1210 1566 1248 1626 ut
1271 1561 1363 1627 furta

164 1664 341 1730 manifesta
363 1683 384 1728 a
406 1683 473 1730 non
496 1663 690 1734 manifestis,
707 1663 854 1730 discerni
877 1664 998 1729 solent.

267 1784 447 1868 Quantitas
484 1785 648 1851 discernit
680 1785 786 1851 turem
822 1788 864 1852 ab
896 1785 1032 1869 abigeo;
1067 1804 1142 1852 nam
1173 1787 1229 1866 qui
1262 1795 1378 1852 unum

162 1908 301 1971 porcum
324 1889 499 1972 subripuit,
523 1893 562 1956 ut
582 1889 637 1955 fur
659 1891 887 1970 coercebitur;
909 1890 966 1970 qui
990 1907 1135 1974 gregem,
1158 1891 1363 1974 utjabigeus.

271 2011 425 2076 Eventus
459 2016 641 2094 spectatur,
676 2015 714 2076 ut
751 2031 771 2076 a
806 2011 1062 2078 elementissimo
1099 2030 1229 2093 quoque
1262 2011 1363 2095 facta,

157 2114 243 2180 licet
265 2114 322 2181 lex
346 2133 412 2181 non
441 2114 550 2181 miuus
582 2133 665 2193 eum,
695 2115 752 2196 qui
782 2115 954 2183 occidendi
982 2115 1123 2182 bominis
1155 2120 1259 2183 causa
1289 2136 1361 2183 cum

160 2219 231 2282 telo
255 2217 359 2284 fuerit
383 2218 523 2301 occisus
546 2237 645 2300 quam
668 2238 750 2303 eum,
782 2220 839 2299 qui
862 2219 1032 2302 occiderit,
1056 2219 1180 2301 puniat.
1219 2221 1266 2286 Et
1287 2221 1362 2287 ideo

155 2323 252 2403 apud
288 2321 436 2388 Graecos
472 2321 571 2405 exilio
595 2323 784 2390 voluntario
819 2323 954 2389 fortuiti
989 2343 1087 2390 casus
1125 2325 1358 2406 puniebantur.

268 2441 304 2509 Si
327 2461 435 2526 poena
466 2442 568 2511 alicui
599 2444 778 2527 irrogatur,
802 2444 837 2510 in
860 2446 1017 2511 heredem
1039 2463 1105 2510 non
1128 2447 1262 2529 transit,
1286 2447 1362 2526 quia

158 2565 269 2630 poena
304 2546 521 2614 constituitur
551 2548 585 2614 in
616 2547 881 2614 emendationem
911 2547 1085 2626 bominum,
1116 2568 1203 2629 quae
1233 2557 1362 2617 mortuo

154 2670 209 2734 eo,
233 2652 269 2718 in
293 2669 390 2732 quem
413 2657 466 2717 est
490 2653 683 2734 constituta,
708 2652 842 2719 desinit.
1126 2652 1128 2655 ’

267 2772 402 2856 Evenit,
426 2778 464 2838 ut
487 2775 603 2840 eadem
625 2775 754 2840 scelera
785 2774 820 2839 in
850 2773 1047 2855 quibusdam
1078 2775 1259 2855 provinciis
1283 2795 1361 2860 gra·

157 2877 237 2944 vius
260 2876 462 2961 plectentur,
498 2883 536 2943 ut
565 2897 600 2944 m
623 2878 739 2944 Africa
769 2880 927 2946 messium
958 2879 1159 2961 incensurae,
1188 2879 1223 2945 iu
1253 2879 1362 2963 Mysia

159 2979 291 3061 vitium,
315 2987 350 3045 11
372 2981 430 3046 ubi
453 2982 588 3047 metalla
610 2988 698 3064 sunt,
721 2983 969 3048 adulteratores
993 2988 1155 3048 monetae.

267 3101 514 3182 Nonnunquam
538 3103 638 3168 etiam
667 3103 789 3186 evenit,
820 3110 858 3171 11
881 3103 1066 3184 aliquorum
1095 3104 1262 3184 supplicia
1285 3123 1360 3171 exa-

153 3207 353 3288 cerbentur,
388 3207 543 3286 quotiens
566 3205 678 3273 multis
701 3208 854 3288 personis
877 3209 920 3274 ad
943 3208 1067 3273 malum
1089 3207 1225 3273 nimium
1254 3209 1362 3276 niten-

152 3311 251 3376 tibus
274 3310 423 3391 exemplo
448 3329 528 3392 opus
553 3311 606 3376 sit.
622 3310 712 3376 -Si
734 3311 853 3378 mulier
874 3312 977 3378 filium
991 3312 1046 3379 vel
1069 3311 1169 3378 filiam
1185 3313 1360 3397 occiderit,

154 3430 268 3495 poena
292 3413 447 3493 paricidii
471 3415 644 3482 moriatur.

263 3558 337 3622 536.
360 3559 451 3646 (nr.)
474 3562 525 3626 De
545 3583 652 3645 poena
675 3565 848 3627 occisionis
868 3563 990 3649 prolis.

264 3713 652 3802 537.(Bu)1)epoena
674 3717 823 3786 mulieris
848 3720 1026 3804 proprium
1053 3741 1193 3803 puerum
1223 3719 1362 3785 Judeeis

155 3817 337 3884 1111111111.
689 3840 691 3846 ’

270 3957 343 4022 538.
367 3956 418 4020 De
439 3979 545 4041 poena
575 3969 728 4044 quantum
755 3961 983 4031 aimericum.
1013 3963 1049 4032 Si
1079 3964 1197 4031 mulier
1223 3967 1363 4033 mortem

153 4059 277 4127 mariti
308 4065 475 4145 procuret,
508 4065 616 4145 poeni
645 4065 799 4147 paricidii
828 4067 999 4135 moriatur.
1031 4067 1067 4134 Si
1097 4069 1185 4135 enim
1212 4070 1266 4139 vir
1295 4076 1364 4136 tam

150 4167 288 4248 grande
317 4165 429 4230 scelus
461 4173 644 4252 perpetrat,
676 4170 780 4253 primo
812 4189 896 4252 equo
926 4171 961 4237 in
984 4174 1124 4239 caudam
1147 4172 1281 4256 ligatus
1303 4193 1364 4256 per

155 4268 255 4338 rieos
279 4271 315 4335 11
337 4268 469 4351 plateas
493 4271 593 4336 debet
616 4271 715 4355 trabi,
739 4276 930 4340 attendam
962 4275 1085 4358 rotari;
1116 4276 1194 4356 quia
1225 4295 1304 4343 vero
1328 4278 1363 4344 in

1208 4398 1259 4450 14*
