3275 5009
678 329 845 383 Brunenses.
1311 326 1364 386 129

266 537 340 599 278.
365 534 417 598 De
438 539 598 620 emptione
617 539 691 620 eqni
706 549 861 621 qnantum
876 540 922 602 od
936 541 1180 606 restitutionem.
1201 539 1363 624 Legidico

153 642 234 726 jure
246 642 424 707 inventum
436 649 501 723 est,
511 644 599 723 quod
613 660 718 722 equus
730 642 818 708 infra
830 642 975 709 triduum
988 644 1149 710 vendenti
1160 649 1214 710 est
1226 646 1364 712 restitu-

159 747 268 813 endus
281 744 415 810 ratione
426 745 566 811 duorum
578 745 778 830 defectuum,
787 746 854 813 vid.
866 747 1128 832 „hertelechtig“
1141 752 1176 814 et
1186 749 1363 834 „rueczig“·

160 849 218 930 qui
243 849 413 932 dicuntur,
438 854 473 916 et
496 850 621 916 ementi
643 851 786 933 pretium
817 869 913 920 suum
944 851 1127 918 restituere
1158 851 1233 920 vice
1255 851 1366 920 versa.

264 988 337 1054 279.
369 988 419 1050 De
446 989 606 1072 emptione
629 999 659 1052 et
682 989 864 1053 venditione
893 1011 1055 1076 aprorum.
1088 991 1278 1058 Notandum
1310 995 1365 1058 est

156 1093 342 1170 secundum
365 1093 475 1175 leges:
509 1092 605 1177 Quod
638 1094 668 1160 si
698 1084 780 1178 ager
811 1095 971 1162 venditur
1002 1113 1077 1162 cum
1108 1095 1231 1178 tritico,
1264 1095 1366 1162 etde

152 1196 272 1263 tritico
297 1214 364 1262 uon
388 1195 495 1262 fuerit
516 1196 609 1264 facta
632 1199 767 1277 mentio,
789 1199 938 1266 triticum
970 1198 1036 1265 erit
1065 1198 1255 1282 vendentis,
1286 1197 1367 1280 quia

153 1300 267 1382 ipsum
301 1299 495 1368 seminavit.
534 1300 638 1368 Scene
668 1308 780 1368 autem
811 1306 912 1387 esset,
943 1303 972 1370 si
995 1302 1132 1370 cabella
1161 1304 1368 1370 venderetur

153 1405 413 1488 impraegnata3
456 1405 556 1472 talem
595 1407 681 1472 enim
719 1412 859 1490 emptor,
900 1406 990 1487 quia*
1010 1408 1166 1489 poledras
1200 1410 1235 1474 iu
1267 1410 1367 1472 utero

155 1509 311 1577 cabellae
328 1510 479 1576 existens
507 1510 580 1576 sine
594 1510 709 1577 labore
726 1511 913 1579 venditoris
929 1511 1052 1578 ibidem
1069 1516 1249 1594 conceptus
1266 1513 1366 1586 esset,

152 1614 279 1680 merito
306 1620 565 1694 assequeretur3
595 1614 700 1680 oculis
731 1617 833 1682 etiam
863 1615 944 1682 talis
973 1615 1130 1698 poledras
1163 1614 1272 1682 videri
1300 1631 1366 1679 non

156 1717 281 1804 potuit,
304 1721 436 1798 qnando
460 1718 590 1786 cabella
612 1721 831 1788 vendebatur,
1290 1733 1291 1738 ’

264 1857 337 1924 280.
363 1855 414 1920 De
436 1859 597 1940 emptione
612 1867 643 1922 et
658 1858 843 1922 venditione
855 1866 1013 1941 ,quantiam
1028 1859 1073 1940 od
1085 1856 1364 1942 protestationem.

154 1959 192 2028 Si
216 1963 335 2028 domus
360 1962 523 2028 venditur
544 1966 580 2027 et
603 1963 761 2028 denarius
785 1961 1041 2044 protestationis
1062 1967 1193 2028 tantum
1208 1979 1310 2042 super
1325 1977 1368 2026 ea

155 2065 269 2142 datur,
294 2072 329 2131 et
352 2065 382 2131 si
409 2071 548 2151 emptor,
570 2065 1250 2147 antequemmmumexsolvat,a1iquein
1272 2066 1366 2132 domo

154 2173 311 2251 rumpatr
342 2171 374 2238 si
405 2176 524 2252 postea
552 2171 711 2238 venditor
733 2173 934 2255 emptionem
963 2177 1110 2255 revocat,
1141 2172 1181 2236 de
1211 2168 1367 2251 ruptione

158 2272 258 2340 tacta
291 2293 404 2341 emens
426 2275 463 2340 in
485 2277 585 2359 nullo,
608 2293 681 2342 cum
703 2277 877 2343 revocatio
908 2295 969 2359 per
998 2276 1208 2344 venditorem
1238 2277 1273 2340 et
1301 2289 1368 2338 non

157 2368 220 2461 per
246 2383 431 2460 emptorem
455 2383 597 2462 constet,
620 2382 792 2446 tenebitur
814 2379 887 2463 ipsc
907 2381 992 2465 jure.

268 2483 315 2549 Et
338 2487 392 2550 est
416 2485 660 2568 notandum,
688 2487 777 2565 qnod
800 2484 923 2565 emptio
947 2484 1020 2551 sine
1043 2484 1152 2567 pretio
1175 2486 1268 2549 certo
1292 2499 1368 2558 esse

155 2604 224 2653 non
248 2591 372 2668 potest.

266 2710 328 2771 281
334 2760 342 2773 .
364 2709 447 2795 (Pr.)
469 2710 520 2772 De
536 2713 695 2794 emptione
718 2720 748 2773 et
762 2711 947 2774 venditione
963 2718 1116 2792 qnantum
1133 2708 1178 2770 od
1193 2705 1367 2769 taciturni·

161 2820 273 2878 tatem.
300 2813 341 2878 In
357 2801 582 2895 emptionibus
598 2822 634 2882 et
649 2814 897 2883 venditionibus
914 2813 1132 2880 taciturnitas
1151 2814 1255 2888 obest,
1279 2810 1370 2876 sicut

162 2917 294 2984 dicitur
309 2920 351 2984 de
375 2920 605 3002 coheredibus,
629 2920 687 3000 qui
710 2923 908 3002 praesentes
930 2919 1024 3002 passi
1045 2921 1124 2985 sunt
1147 2933 1246 2983 unum
1269 2907 1368 2980 cohe-

160 3025 277 3090 redem
303 3026 411 3089 totam
429 3023 653 3091 hereditatem
669 3026 816 3092 vendere
833 3029 869 3090 et
883 3023 1027 3104 pretium
1044 3021 1215 3103 accipere,
1237 3037 1313 3085 nam
1332 3019 1369 3083 et

159 3128 227 3210 ipsi
262 3112 424 3195 videntur
461 3146 541 3194 snas
574 3133 691 3210 partes
725 3128 926 3195 vendidisse.
964 3128 1062 3194 Unde
1096 3124 1261 3208 patientia
1294 3121 1370 3189 sine

161 3232 440 3316 contradictione,
458 3229 555 3317 (etsi)
568 3231 641 3298 sine
653 3231 807 3316 scientia,
819 3249 879 3314 pro
894 3248 1059 3298 consensu
1071 3228 1244 3310 accipitur.
1256 3225 1303 3293 Et
1316 3227 1372 3292 est

161 3337 340 3422 signanter
362 3337 609 3419 notandum,
636 3338 723 3418 qnod
746 3335 839 3402 aliud
862 3338 916 3400 est
938 3335 1085 3400 vendere
1100 3332 1146 3400 'et
1168 3321 1258 3398 aliud
1288 3347 1369 3398 ven·

162 3442 257 3507 denti
283 3439 493 3522 consentire;
515 3439 606 3505 sicut
629 3440 659 3507 si
681 3441 825 3508 vendam
849 3438 912 3504 tibi
934 3456 1003 3529 rem
1035 3437 1180 3518 aliquam
1210 3440 1245 3502 et
1276 3431 1369 3500 evin-

163 3551 274 3628 catur,
289 3551 409 3610 teneor
429 3547 470 3610 de
490 3543 619 3622 evictis,
637 3544 851 3611 etiamsinon
866 3543 1021 3624 promisi3
1037 3542 1066 3608 si
1081 3545 1192 3607 autem
1208 3536 1368 3606 vendent'

164 3649 385 3732 consentiam,
423 3667 489 3715 non
522 3654 641 3714 teneor
676 3650 717 3715 de
754 3648 886 3732 evictis,
919 3646 984 3713 nisi
1017 3645 1163 3728 pretium
1197 3639 1370 3723 accipiam.

163 3753 327 3821 Similiter
350 3755 579 3821 notandum
611 3757 664 3819 est
695 3754 786 3819 circa
815 3753 917 3819 istum
948 3753 1157 3817 contractum
1188 3747 1370 3814 secundum

161 3858 273 3941 leges:
312 3856 408 3940 Quod
431 3857 560 3939 sipost
584 3856 783 3938 emptionem
807 3855 908 3922 tundo
932 3854 1060 3934 aliquid
1083 3871 1143 3934 per
1166 3850 1369 3918 alluvionem

162 3963 319 4048 accessit,
342 3963 385 4028 ad
409 3959 571 4043 emptoris
595 3960 799 4027 commodum
822 3960 987 4042 pertinet;
1010 3975 1087 4024 nam
1111 3961 1146 4024 et
1165 3953 1369 4022 commodum

164 4067 236 4149 eJ'us
261 4084 337 4135 esse
361 4058 474 4151 debet,
498 4067 594 4151 cnjus
617 4069 671 4131 est
691 4063 886 4146 periculum.
911 4063 964 4149 (R.
987 4060 1075 4148 282.)

272 4189 347 4254 282.
378 4186 431 4250 Dc
461 4186 621 4269 emptione
651 4194 682 4248 et
710 4184 895 4249 venditione
917 4191 1072 4267 quantam
1094 4180 1139 4243 ad
1161 4178 1370 4243 conditiones.

171 4291 268 4360 Haec
301 4295 490 4374 sequuntur
523 4286 765 4357 venditionem:
801 4286 967 4372 Quicquid
1001 4284 1108 4352 clavia
1142 4282 1277 4351 affixum
1307 4283 1371 4366 est,

214 4429 290 4471 Codex
301 4429 345 4478 jur.
359 4429 411 4470 boh.
425 4428 453 4470 11.
466 4433 488 4468 4.
1245 4406 1260 4457 9
