<?xml version="1.0" encoding="UTF-8"?>
<!DOCTYPE html PUBLIC "-//W3C//DTD XHTML 1.0 Transitional//EN"
    "http://www.w3.org/TR/xhtml1/DTD/xhtml1-transitional.dtd">
<html xmlns="http://www.w3.org/1999/xhtml" xml:lang="en" lang="en">
 <head>
  <title>
</title>
<meta http-equiv="Content-Type" content="text/html;charset=utf-8" />
  <meta name='ocr-system' content='tesseract 3.04.00' />
  <meta name='ocr-capabilities' content='ocr_page ocr_carea ocr_par ocr_line ocrx_word'/>
</head>
<body>
  <div class='ocr_page' id='page_1' title='image "./codexjurisbohem00unkngoog_0077.png"; bbox 0 0 3275 5009; ppageno 0'>
   <div class='ocr_carea' id='block_1_1' title="bbox 731 350 1412 407">
    <p class='ocr_par' dir='ltr' id='par_1_1' title="bbox 731 350 1412 407">
     <span class='ocr_line' id='line_1_1' title="bbox 731 350 1412 407; baseline -0.003 -2"><span class='ocrx_word' id='word_1_1' title='bbox 731 350 899 407; x_wconf 86' lang='lat' dir='ltr'><strong>Brunensee.</strong></span> <span class='ocrx_word' id='word_1_2' title='bbox 1378 352 1412 404; x_wconf 84' lang='grc'><strong>61</strong></span> 
     </span>
    </p>
   </div>
   <div class='ocr_carea' id='block_1_2' title="bbox 205 558 1414 854">
    <p class='ocr_par' dir='ltr' id='par_1_2' title="bbox 205 558 1414 854">
     <span class='ocr_line' id='line_1_2' title="bbox 208 558 1414 659; baseline -0.001 -32"><span class='ocrx_word' id='word_1_3' title='bbox 208 559 484 644; x_wconf 87' lang='lat' dir='ltr'><strong>improvidentiae</strong></span> <span class='ocrx_word' id='word_1_4' title='bbox 500 561 644 642; x_wconf 91' lang='lat' dir='ltr'><strong>partium</strong></span> <span class='ocrx_word' id='word_1_5' title='bbox 660 560 909 659; x_wconf 80' lang='lat' dir='ltr'><strong>rationabiliter</strong></span> <span class='ocrx_word' id='word_1_6' title='bbox 924 560 1141 642; x_wconf 81' lang='lat' dir='ltr'><strong>imputantur.</strong></span> <span class='ocrx_word' id='word_1_7' title='bbox 1157 558 1203 625; x_wconf 82' lang='lat' dir='ltr'><strong>Et</strong></span> <span class='ocrx_word' id='word_1_8' title='bbox 1219 563 1308 643; x_wconf 90' lang='lat' dir='ltr'><strong>nota,</strong></span> <span class='ocrx_word' id='word_1_9' title='bbox 1325 560 1414 641; x_wconf 90' lang='lat' dir='ltr'><strong>quod</strong></span> 
     </span>
     <span class='ocr_line' id='line_1_3' title="bbox 211 664 1414 749; baseline 0 -19"><span class='ocrx_word' id='word_1_10' title='bbox 211 683 311 731; x_wconf 92' lang='lat' dir='ltr'><strong>omne</strong></span> <span class='ocrx_word' id='word_1_11' title='bbox 327 664 500 732; x_wconf 81' lang='lat' dir='ltr'><strong>arbitrium</strong></span> <span class='ocrx_word' id='word_1_12' title='bbox 517 671 553 732; x_wconf 91' lang='lat' dir='ltr'><strong>et</strong></span> <span class='ocrx_word' id='word_1_13' title='bbox 568 664 801 749; x_wconf 79' lang='lat' dir='ltr'><strong>pronunciatio</strong></span> <span class='ocrx_word' id='word_1_14' title='bbox 817 669 853 731; x_wconf 89' lang='lat' dir='ltr'><strong>et</strong></span> <span class='ocrx_word' id='word_1_15' title='bbox 867 664 1006 733; x_wconf 89' lang='lat' dir='ltr'><strong>vallatio</strong></span> <span class='ocrx_word' id='word_1_16' title='bbox 1021 664 1169 747; x_wconf 82' lang='lat' dir='ltr'><strong>ejusdem</strong></span> <span class='ocrx_word' id='word_1_17' title='bbox 1185 664 1288 730; x_wconf 92' lang='lat' dir='ltr'><strong>solnm</strong></span> <span class='ocrx_word' id='word_1_18' title='bbox 1302 682 1414 730; x_wconf 89' lang='lat' dir='ltr'><strong>coram</strong></span> 
     </span>
     <span class='ocr_line' id='line_1_4' title="bbox 205 768 626 854; baseline 0.005 -20"><span class='ocrx_word' id='word_1_19' title='bbox 205 769 338 854; x_wconf 89' lang='lat' dir='ltr'><strong>juratis</strong></span> <span class='ocrx_word' id='word_1_20' title='bbox 361 774 440 836; x_wconf 88' lang='lat' dir='ltr'><strong>sunt</strong></span> <span class='ocrx_word' id='word_1_21' title='bbox 462 768 626 837; x_wconf 86' lang='lat' dir='ltr'><strong>facienda.</strong></span> 
     </span>
    </p>
   </div>
   <div class='ocr_carea' id='block_1_3' title="bbox 513 941 1117 1026">
    <p class='ocr_par' dir='ltr' id='par_1_3' title="bbox 513 941 1117 1026">
     <span class='ocr_line' id='line_1_5' title="bbox 513 941 1117 1026; baseline -0.007 -16"><span class='ocrx_word' id='word_1_22' title='bbox 513 943 761 1026; x_wconf 79' lang='lat' dir='ltr'><strong>Capitulum</strong></span> <span class='ocrx_word' id='word_1_23' title='bbox 783 941 864 1009; x_wconf 89' lang='lat' dir='ltr'>VII:</span> <span class='ocrx_word' id='word_1_24' title='bbox 896 942 956 1009; x_wconf 89' lang='lat' dir='ltr'><strong>De</strong></span> <span class='ocrx_word' id='word_1_25' title='bbox 978 941 1117 1008; x_wconf 89' lang='lat' dir='ltr'><strong>armis.</strong></span> 
     </span>
    </p>
   </div>
   <div class='ocr_carea' id='block_1_4' title="bbox 212 1081 1423 4197">
    <p class='ocr_par' dir='ltr' id='par_1_4' title="bbox 212 1081 1420 1479">
     <span class='ocr_line' id='line_1_6' title="bbox 320 1081 1420 1167; baseline 0.002 -22"><span class='ocrx_word' id='word_1_26' title='bbox 320 1082 372 1148; x_wconf 82' lang='lat'><strong>95.</strong></span> <span class='ocrx_word' id='word_1_27' title='bbox 395 1082 446 1145; x_wconf 84' lang='lat' dir='ltr'><strong>De</strong></span> <span class='ocrx_word' id='word_1_28' title='bbox 469 1083 581 1146; x_wconf 70' lang='lat' dir='ltr'><strong>armis.</strong></span> <span class='ocrx_word' id='word_1_29' title='bbox 612 1084 667 1150; x_wconf 85' lang='lat' dir='ltr'><strong>Ad</strong></span> <span class='ocrx_word' id='word_1_30' title='bbox 694 1100 788 1149; x_wconf 83' lang='lat' dir='ltr'><strong>arma</strong></span> <span class='ocrx_word' id='word_1_31' title='bbox 818 1081 1009 1151; x_wconf 84' lang='lat' dir='ltr'><strong>defensoria</strong></span> <span class='ocrx_word' id='word_1_32' title='bbox 1034 1082 1140 1167; x_wconf 87' lang='lat' dir='ltr'><strong>judex</strong></span> <span class='ocrx_word' id='word_1_33' title='bbox 1170 1087 1205 1149; x_wconf 91' lang='lat' dir='ltr'><strong>et</strong></span> <span class='ocrx_word' id='word_1_34' title='bbox 1231 1081 1339 1164; x_wconf 83' lang='lat' dir='ltr'><strong>jurati</strong></span> <span class='ocrx_word' id='word_1_35' title='bbox 1357 1082 1420 1166; x_wconf 80' lang='lat' dir='ltr'><strong>J&#39;us</strong></span> 
     </span>
     <span class='ocr_line' id='line_1_7' title="bbox 212 1185 1417 1273; baseline -0.001 -21"><span class='ocrx_word' id='word_1_36' title='bbox 212 1204 283 1254; x_wconf 90' lang='lat' dir='ltr'><strong>non</strong></span> <span class='ocrx_word' id='word_1_37' title='bbox 304 1187 441 1269; x_wconf 76' lang='lat' dir='ltr'><strong>habent</strong></span> <span class='ocrx_word' id='word_1_38' title='bbox 463 1189 524 1253; x_wconf 89' lang='lat' dir='ltr'><strong>sed</strong></span> <span class='ocrx_word' id='word_1_39' title='bbox 546 1188 589 1255; x_wconf 91' lang='lat' dir='ltr'><strong>ad</strong></span> <span class='ocrx_word' id='word_1_40' title='bbox 609 1186 830 1273; x_wconf 70' lang='lat' dir='ltr'><strong>offensoria*)</strong></span> <span class='ocrx_word' id='word_1_41' title='bbox 846 1186 924 1269; x_wconf 81' lang='lat' dir='ltr'><strong>quia</strong></span> <span class='ocrx_word' id='word_1_42' title='bbox 940 1185 1091 1254; x_wconf 88' lang='lat' dir='ltr'><strong>defensio</strong></span> <span class='ocrx_word' id='word_1_43' title='bbox 1106 1204 1181 1269; x_wconf 85' lang='lat' dir='ltr'><strong>non,</strong></span> <span class='ocrx_word' id='word_1_44' title='bbox 1197 1188 1258 1254; x_wconf 89' lang='lat' dir='ltr'><strong>sed</strong></span> <span class='ocrx_word' id='word_1_45' title='bbox 1277 1185 1417 1255; x_wconf 86' lang='lat' dir='ltr'><strong>offensio</strong></span> 
     </span>
     <span class='ocr_line' id='line_1_8' title="bbox 213 1289 1416 1373; baseline 0.002 -18"><span class='ocrx_word' id='word_1_46' title='bbox 213 1289 421 1373; x_wconf 84' lang='lat' dir='ltr'><strong>prohibetur.</strong></span> <span class='ocrx_word' id='word_1_47' title='bbox 446 1291 543 1357; x_wconf 78' lang='lat' dir='ltr'><strong>&#39;l&#39;alia</strong></span> <span class='ocrx_word' id='word_1_48' title='bbox 559 1289 647 1357; x_wconf 92' lang='lat' dir='ltr'><strong>enim</strong></span> <span class='ocrx_word' id='word_1_49' title='bbox 661 1295 742 1358; x_wconf 91' lang='lat' dir='ltr'><strong>sunt</strong></span> <span class='ocrx_word' id='word_1_50' title='bbox 756 1310 849 1358; x_wconf 89' lang='lat' dir='ltr'><strong>arma</strong></span> <span class='ocrx_word' id='word_1_51' title='bbox 864 1291 1063 1369; x_wconf 84' lang='lat' dir='ltr'><strong>defensoria,</strong></span> <span class='ocrx_word' id='word_1_52' title='bbox 1080 1290 1200 1372; x_wconf 87' lang='lat' dir='ltr'><strong>quibus</strong></span> <span class='ocrx_word' id='word_1_53' title='bbox 1216 1295 1270 1358; x_wconf 88' lang='lat' dir='ltr'><strong>est</strong></span> <span class='ocrx_word' id='word_1_54' title='bbox 1285 1290 1416 1357; x_wconf 90' lang='lat' dir='ltr'><strong>licitum</strong></span> 
     </span>
     <span class='ocr_line' id='line_1_9' title="bbox 214 1393 1369 1479; baseline 0.003 -20"><span class='ocrx_word' id='word_1_55' title='bbox 214 1393 343 1461; x_wconf 91' lang='lat' dir='ltr'><strong>homini</strong></span> <span class='ocrx_word' id='word_1_56' title='bbox 365 1396 425 1479; x_wconf 92' lang='lat' dir='ltr'><strong>uti,</strong></span> <span class='ocrx_word' id='word_1_57' title='bbox 447 1395 536 1463; x_wconf 89' lang='lat' dir='ltr'><strong>sicut</strong></span> <span class='ocrx_word' id='word_1_58' title='bbox 557 1394 639 1464; x_wconf 89' lang='lat' dir='ltr'><strong>licet</strong></span> <span class='ocrx_word' id='word_1_59' title='bbox 660 1395 725 1462; x_wconf 90' lang='lat' dir='ltr'><strong>sibi</strong></span> <span class='ocrx_word' id='word_1_60' title='bbox 747 1414 768 1462; x_wconf 91' lang='lat' dir='ltr'><strong>a</strong></span> <span class='ocrx_word' id='word_1_61' title='bbox 791 1396 952 1464; x_wconf 87' lang='lat' dir='ltr'><strong>violentia</strong></span> <span class='ocrx_word' id='word_1_62' title='bbox 976 1414 1013 1463; x_wconf 90' lang='lat' dir='ltr'><strong>se</strong></span> <span class='ocrx_word' id='word_1_63' title='bbox 1037 1400 1072 1463; x_wconf 91' lang='lat' dir='ltr'><strong>et</strong></span> <span class='ocrx_word' id='word_1_64' title='bbox 1094 1413 1156 1461; x_wconf 92' lang='lat' dir='ltr'><strong>sua</strong></span> <span class='ocrx_word' id='word_1_65' title='bbox 1180 1394 1369 1463; x_wconf 86' lang='lat' dir='ltr'><strong>defendere.</strong></span> 
     </span>
    </p>

    <p class='ocr_par' dir='ltr' id='par_1_5' title="bbox 215 1499 1419 1881">
     <span class='ocr_line' id='line_1_10' title="bbox 323 1499 1419 1584; baseline -0.001 -19"><span class='ocrx_word' id='word_1_66' title='bbox 323 1499 369 1565; x_wconf 83' lang='lat' dir='ltr'><strong>nt</strong></span> <span class='ocrx_word' id='word_1_67' title='bbox 392 1501 581 1578; x_wconf 85' lang='lat' dir='ltr'><strong>notandum,</strong></span> <span class='ocrx_word' id='word_1_68' title='bbox 612 1502 701 1580; x_wconf 89' lang='lat' dir='ltr'><strong>quod</strong></span> <span class='ocrx_word' id='word_1_69' title='bbox 724 1500 814 1567; x_wconf 90' lang='lat' dir='ltr'><strong>circa</strong></span> <span class='ocrx_word' id='word_1_70' title='bbox 836 1518 929 1567; x_wconf 88' lang='lat' dir='ltr'><strong>arma</strong></span> <span class='ocrx_word' id='word_1_71' title='bbox 953 1502 1113 1567; x_wconf 89' lang='lat' dir='ltr'><strong>emendae</strong></span> <span class='ocrx_word' id='word_1_72' title='bbox 1141 1499 1246 1584; x_wconf 86' lang='lat' dir='ltr'><strong>judici</strong></span> <span class='ocrx_word' id='word_1_73' title='bbox 1275 1504 1419 1582; x_wconf 87' lang='lat' dir='ltr'><strong>possunt</strong></span> 
     </span>
     <span class='ocr_line' id='line_1_11' title="bbox 217 1603 1419 1698; baseline 0 -29"><span class='ocrx_word' id='word_1_74' title='bbox 217 1603 400 1670; x_wconf 83' lang='lat' dir='ltr'><strong>arbitrario</strong></span> <span class='ocrx_word' id='word_1_75' title='bbox 423 1622 484 1698; x_wconf 81' lang='lat' dir='ltr'><strong>per</strong></span> <span class='ocrx_word' id='word_1_76' title='bbox 501 1606 635 1689; x_wconf 85' lang='lat' dir='ltr'><strong>juratos</strong></span> <span class='ocrx_word' id='word_1_77' title='bbox 658 1606 769 1674; x_wconf 84' lang='lat' dir='ltr'><strong>taxari</strong></span> <span class='ocrx_word' id='word_1_78' title='bbox 792 1624 852 1672; x_wconf 89' lang='lat' dir='ltr'><strong>seu</strong></span> <span class='ocrx_word' id='word_1_79' title='bbox 875 1604 1022 1683; x_wconf 86' lang='lat' dir='ltr'><strong>concedi,</strong></span> <span class='ocrx_word' id='word_1_80' title='bbox 1045 1623 1090 1673; x_wconf 92' lang='lat' dir='ltr'><strong>sc.</strong></span> <span class='ocrx_word' id='word_1_81' title='bbox 1113 1607 1156 1673; x_wconf 89' lang='lat' dir='ltr'><strong>de</strong></span> <span class='ocrx_word' id='word_1_82' title='bbox 1179 1604 1419 1691; x_wconf 77' lang='lat' dir='ltr'><strong>evaginatione</strong></span> 
     </span>
     <span class='ocr_line' id='line_1_12' title="bbox 217 1707 1418 1795; baseline 0.001 -22"><span class='ocrx_word' id='word_1_83' title='bbox 217 1707 325 1792; x_wconf 86' lang='lat' dir='ltr'><strong>gladii</strong></span> <span class='ocrx_word' id='word_1_84' title='bbox 354 1707 498 1790; x_wconf 84' lang='lat' dir='ltr'><strong>simplici</strong></span> <span class='ocrx_word' id='word_1_85' title='bbox 525 1710 650 1775; x_wconf 90' lang='lat' dir='ltr'><strong>cedunt</strong></span> <span class='ocrx_word' id='word_1_86' title='bbox 679 1709 712 1775; x_wconf 88' lang='lat' dir='ltr'>X</span> <span class='ocrx_word' id='word_1_87' title='bbox 743 1709 862 1795; x_wconf 80' lang='lat' dir='ltr'><strong>grossi,</strong></span> <span class='ocrx_word' id='word_1_88' title='bbox 892 1712 934 1776; x_wconf 93' lang='lat' dir='ltr'><strong>de</strong></span> <span class='ocrx_word' id='word_1_89' title='bbox 965 1708 1175 1777; x_wconf 76' lang='lat' dir='ltr'><strong>extractione</strong></span> <span class='ocrx_word' id='word_1_90' title='bbox 1206 1708 1279 1792; x_wconf 86' lang='lat' dir='ltr'><strong>LX,</strong></span> <span class='ocrx_word' id='word_1_91' title='bbox 1309 1714 1344 1774; x_wconf 93' lang='lat' dir='ltr'><strong>et</strong></span> <span class='ocrx_word' id='word_1_92' title='bbox 1374 1710 1418 1775; x_wconf 93' lang='lat' dir='ltr'><strong>de</strong></span> 
     </span>
     <span class='ocr_line' id='line_1_13' title="bbox 215 1810 832 1881; baseline 0.006 -4"><span class='ocrx_word' id='word_1_93' title='bbox 215 1811 406 1878; x_wconf 87' lang='lat' dir='ltr'><strong>intrusione</strong></span> <span class='ocrx_word' id='word_1_94' title='bbox 429 1810 584 1879; x_wconf 89' lang='lat' dir='ltr'><strong>similiter</strong></span> <span class='ocrx_word' id='word_1_95' title='bbox 606 1812 670 1880; x_wconf 85' lang='lat' dir='ltr'><strong>LX</strong></span> <span class='ocrx_word' id='word_1_96' title='bbox 693 1815 832 1881; x_wconf 90' lang='lat' dir='ltr'><strong>denarii.</strong></span> 
     </span>
    </p>

    <p class='ocr_par' dir='ltr' id='par_1_6' title="bbox 217 1915 1420 2313">
     <span class='ocr_line' id='line_1_14' title="bbox 322 1915 1420 1996; baseline 0.002 -15"><span class='ocrx_word' id='word_1_97' title='bbox 322 1915 359 1981; x_wconf 87' lang='lat' dir='ltr'><strong>Si</strong></span> <span class='ocrx_word' id='word_1_98' title='bbox 381 1915 449 1982; x_wconf 88' lang='lat' dir='ltr'><strong>ista</strong></span> <span class='ocrx_word' id='word_1_99' title='bbox 470 1917 554 1982; x_wconf 90' lang='lat' dir='ltr'><strong>fiant</strong></span> <span class='ocrx_word' id='word_1_100' title='bbox 576 1916 611 1983; x_wconf 90' lang='lat' dir='ltr'><strong>in</strong></span> <span class='ocrx_word' id='word_1_101' title='bbox 634 1917 689 1984; x_wconf 90' lang='lat' dir='ltr'><strong>die</strong></span> <span class='ocrx_word' id='word_1_102' title='bbox 711 1916 846 1993; x_wconf 82' lang='lat' dir='ltr'><strong>forensi,</strong></span> <span class='ocrx_word' id='word_1_103' title='bbox 869 1916 1007 1985; x_wconf 88' lang='lat' dir='ltr'><strong>inclusis</strong></span> <span class='ocrx_word' id='word_1_104' title='bbox 1031 1919 1176 1984; x_wconf 87' lang='lat' dir='ltr'><strong>arcubus</strong></span> <span class='ocrx_word' id='word_1_105' title='bbox 1202 1922 1236 1982; x_wconf 92' lang='lat' dir='ltr'><strong>et</strong></span> <span class='ocrx_word' id='word_1_106' title='bbox 1260 1916 1420 1996; x_wconf 74' lang='lat' dir='ltr'><strong>ballistis,</strong></span> 
     </span>
     <span class='ocr_line' id='line_1_15' title="bbox 218 2019 1417 2105; baseline 0.002 -18"><span class='ocrx_word' id='word_1_107' title='bbox 218 2022 262 2087; x_wconf 91' lang='lat' dir='ltr'><strong>de</strong></span> <span class='ocrx_word' id='word_1_108' title='bbox 300 2019 537 2103; x_wconf 83' lang='lat' dir='ltr'><strong>evaginatione</strong></span> <span class='ocrx_word' id='word_1_109' title='bbox 581 2021 644 2087; x_wconf 90' lang='lat' dir='ltr'><strong>tali</strong></span> <span class='ocrx_word' id='word_1_110' title='bbox 683 2020 789 2105; x_wconf 81' lang='lat' dir='ltr'><strong>judici</strong></span> <span class='ocrx_word' id='word_1_111' title='bbox 828 2023 892 2088; x_wconf 91' lang='lat' dir='ltr'><strong>duo</strong></span> <span class='ocrx_word' id='word_1_112' title='bbox 931 2026 967 2089; x_wconf 90' lang='lat' dir='ltr'><strong>et</strong></span> <span class='ocrx_word' id='word_1_113' title='bbox 1004 2021 1138 2090; x_wconf 89' lang='lat' dir='ltr'><strong>civitati</strong></span> <span class='ocrx_word' id='word_1_114' title='bbox 1181 2024 1250 2089; x_wconf 89' lang='lat' dir='ltr'><strong>tria</strong></span> <span class='ocrx_word' id='word_1_115' title='bbox 1287 2024 1417 2089; x_wconf 87' lang='lat' dir='ltr'><strong>talenta</strong></span> 
     </span>
     <span class='ocr_line' id='line_1_16' title="bbox 217 2124 1417 2211; baseline 0.003 -19"><span class='ocrx_word' id='word_1_116' title='bbox 217 2126 401 2207; x_wconf 90' lang='lat' dir='ltr'><strong>persolvat.</strong></span> <span class='ocrx_word' id='word_1_117' title='bbox 425 2125 467 2191; x_wconf 91' lang='lat' dir='ltr'><strong>lt.</strong></span> <span class='ocrx_word' id='word_1_118' title='bbox 490 2127 532 2191; x_wconf 90' lang='lat' dir='ltr'><strong>de</strong></span> <span class='ocrx_word' id='word_1_119' title='bbox 556 2124 708 2192; x_wconf 86' lang='lat' dir='ltr'><strong>tensione</strong></span> <span class='ocrx_word' id='word_1_120' title='bbox 735 2125 848 2211; x_wconf 83' lang='lat' dir='ltr'><strong>(arcus</strong></span> <span class='ocrx_word' id='word_1_121' title='bbox 872 2131 907 2192; x_wconf 92' lang='lat' dir='ltr'><strong>et</strong></span> <span class='ocrx_word' id='word_1_122' title='bbox 930 2126 1101 2210; x_wconf 88' lang='lat' dir='ltr'><strong>ballistae)</strong></span> <span class='ocrx_word' id='word_1_123' title='bbox 1133 2128 1200 2195; x_wconf 90' lang='lat' dir='ltr'><strong>tria</strong></span> <span class='ocrx_word' id='word_1_124' title='bbox 1227 2132 1261 2195; x_wconf 91' lang='lat' dir='ltr'><strong>et</strong></span> <span class='ocrx_word' id='word_1_125' title='bbox 1284 2124 1417 2195; x_wconf 85' lang='lat' dir='ltr'><strong>civitati</strong></span> 
     </span>
     <span class='ocr_line' id='line_1_17' title="bbox 218 2230 1208 2313; baseline 0.003 -18"><span class='ocrx_word' id='word_1_126' title='bbox 218 2230 284 2296; x_wconf 93' lang='lat' dir='ltr'><strong>duo</strong></span> <span class='ocrx_word' id='word_1_127' title='bbox 308 2230 489 2313; x_wconf 81' lang='lat' dir='ltr'><strong>persolvat,</strong></span> <span class='ocrx_word' id='word_1_128' title='bbox 511 2231 567 2298; x_wconf 85' lang='lat' dir='ltr'><strong>vel</strong></span> <span class='ocrx_word' id='word_1_129' title='bbox 588 2230 695 2313; x_wconf 91' lang='lat' dir='ltr'><strong>ipsius</strong></span> <span class='ocrx_word' id='word_1_130' title='bbox 718 2248 835 2298; x_wconf 89' lang='lat' dir='ltr'><strong>manus</strong></span> <span class='ocrx_word' id='word_1_131' title='bbox 856 2230 1048 2312; x_wconf 84' lang='lat' dir='ltr'><strong>perforetur</strong></span> <span class='ocrx_word' id='word_1_132' title='bbox 1063 2230 1208 2299; x_wconf 87' lang='lat' dir='ltr'><strong>cultello.</strong></span> 
     </span>
    </p>

    <p class='ocr_par' dir='ltr' id='par_1_7' title="bbox 218 2333 1420 2730">
     <span class='ocr_line' id='line_1_18' title="bbox 325 2333 1420 2419; baseline 0.002 -20"><span class='ocrx_word' id='word_1_133' title='bbox 325 2333 530 2419; x_wconf 82' lang='lat' dir='ltr'><strong>Quicumque</strong></span> <span class='ocrx_word' id='word_1_134' title='bbox 554 2354 634 2403; x_wconf 89' lang='lat' dir='ltr'><strong>vero</strong></span> <span class='ocrx_word' id='word_1_135' title='bbox 658 2352 731 2403; x_wconf 91' lang='lat' dir='ltr'><strong>cum</strong></span> <span class='ocrx_word' id='word_1_136' title='bbox 754 2336 867 2419; x_wconf 90' lang='lat' dir='ltr'><strong>gladio</strong></span> <span class='ocrx_word' id='word_1_137' title='bbox 890 2338 1037 2417; x_wconf 87' lang='lat' dir='ltr'><strong>praefixo</strong></span> <span class='ocrx_word' id='word_1_138' title='bbox 1061 2337 1122 2403; x_wconf 89' lang='lat' dir='ltr'><strong>tali</strong></span> <span class='ocrx_word' id='word_1_139' title='bbox 1142 2341 1241 2404; x_wconf 87' lang='lat' dir='ltr'><strong>acuto</strong></span> <span class='ocrx_word' id='word_1_140' title='bbox 1258 2336 1420 2403; x_wconf 88' lang='lat' dir='ltr'><strong>inventus</strong></span> 
     </span>
     <span class='ocr_line' id='line_1_19' title="bbox 218 2438 1417 2522; baseline 0 -17"><span class='ocrx_word' id='word_1_141' title='bbox 218 2438 324 2505; x_wconf 85' lang='lat' dir='ltr'><strong>inerit</strong></span> <span class='ocrx_word' id='word_1_142' title='bbox 346 2440 401 2507; x_wconf 90' lang='lat' dir='ltr'><strong>vel</strong></span> <span class='ocrx_word' id='word_1_143' title='bbox 423 2453 485 2521; x_wconf 88' lang='lat' dir='ltr'><strong>per</strong></span> <span class='ocrx_word' id='word_1_144' title='bbox 502 2438 653 2522; x_wconf 85' lang='lat' dir='ltr'><strong>juratum</strong></span> <span class='ocrx_word' id='word_1_145' title='bbox 676 2459 736 2508; x_wconf 92' lang='lat' dir='ltr'><strong>sen</strong></span> <span class='ocrx_word' id='word_1_146' title='bbox 758 2442 843 2509; x_wconf 93' lang='lat' dir='ltr'><strong>duos</strong></span> <span class='ocrx_word' id='word_1_147' title='bbox 865 2446 973 2509; x_wconf 92' lang='lat' dir='ltr'><strong>testes</strong></span> <span class='ocrx_word' id='word_1_148' title='bbox 1000 2442 1137 2510; x_wconf 89' lang='lat' dir='ltr'><strong>idoneos</strong></span> <span class='ocrx_word' id='word_1_149' title='bbox 1161 2443 1203 2508; x_wconf 92' lang='lat' dir='ltr'><strong>de</strong></span> <span class='ocrx_word' id='word_1_150' title='bbox 1226 2442 1289 2507; x_wconf 93' lang='lat' dir='ltr'><strong>hoc</strong></span> <span class='ocrx_word' id='word_1_151' title='bbox 1320 2457 1417 2506; x_wconf 90' lang='lat' dir='ltr'><strong>accu-</strong></span> 
     </span>
     <span class='ocr_line' id='line_1_20' title="bbox 219 2542 1418 2630; baseline 0.002 -21"><span class='ocrx_word' id='word_1_152' title='bbox 219 2548 316 2609; x_wconf 86' lang='lat' dir='ltr'><strong>satus</strong></span> <span class='ocrx_word' id='word_1_153' title='bbox 334 2542 453 2611; x_wconf 87' lang='lat' dir='ltr'><strong>inerit:</strong></span> <span class='ocrx_word' id='word_1_154' title='bbox 471 2543 579 2627; x_wconf 86' lang='lat' dir='ltr'><strong>judici</strong></span> <span class='ocrx_word' id='word_1_155' title='bbox 593 2549 665 2612; x_wconf 89' lang='lat' dir='ltr'><strong>tres</strong></span> <span class='ocrx_word' id='word_1_156' title='bbox 680 2545 830 2613; x_wconf 85' lang='lat' dir='ltr'><strong>fertones</strong></span> <span class='ocrx_word' id='word_1_157' title='bbox 847 2563 1037 2630; x_wconf 87' lang='lat' dir='ltr'><strong>grossorum</strong></span> <span class='ocrx_word' id='word_1_158' title='bbox 1053 2552 1089 2613; x_wconf 90' lang='lat' dir='ltr'><strong>et</strong></span> <span class='ocrx_word' id='word_1_159' title='bbox 1105 2546 1237 2613; x_wconf 84' lang='lat' dir='ltr'><strong>civitati</strong></span> <span class='ocrx_word' id='word_1_160' title='bbox 1253 2544 1418 2613; x_wconf 87' lang='lat' dir='ltr'><strong>fertonem</strong></span> 
     </span>
     <span class='ocr_line' id='line_1_21' title="bbox 220 2647 586 2730; baseline 0.008 -17"><span class='ocrx_word' id='word_1_161' title='bbox 220 2647 331 2714; x_wconf 88' lang='lat' dir='ltr'><strong>solvet</strong></span> <span class='ocrx_word' id='word_1_162' title='bbox 354 2666 414 2730; x_wconf 86' lang='lat' dir='ltr'><strong>pro</strong></span> <span class='ocrx_word' id='word_1_163' title='bbox 437 2650 586 2717; x_wconf 89' lang='lat' dir='ltr'><strong>emenda.</strong></span> 
     </span>
    </p>

    <p class='ocr_par' dir='ltr' id='par_1_8' title="bbox 220 2753 1421 2941">
     <span class='ocr_line' id='line_1_22' title="bbox 325 2753 1421 2837; baseline 0 -19"><span class='ocrx_word' id='word_1_164' title='bbox 325 2753 469 2832; x_wconf 85' lang='lat' dir='ltr'><strong>Lancea,</strong></span> <span class='ocrx_word' id='word_1_165' title='bbox 493 2755 615 2837; x_wconf 88' lang='lat' dir='ltr'><strong>cuspis,</strong></span> <span class='ocrx_word' id='word_1_166' title='bbox 638 2755 766 2821; x_wconf 86' lang='lat' dir='ltr'><strong>securis</strong></span> <span class='ocrx_word' id='word_1_167' title='bbox 788 2760 825 2822; x_wconf 93' lang='lat' dir='ltr'><strong>et</strong></span> <span class='ocrx_word' id='word_1_168' title='bbox 849 2761 985 2822; x_wconf 89' lang='lat' dir='ltr'><strong>caetera</strong></span> <span class='ocrx_word' id='word_1_169' title='bbox 1013 2755 1095 2821; x_wconf 83' lang='lat' dir='ltr'><strong>talia</strong></span> <span class='ocrx_word' id='word_1_170' title='bbox 1126 2753 1324 2821; x_wconf 83' lang='lat' dir='ltr'><strong>offendicula</strong></span> <span class='ocrx_word' id='word_1_171' title='bbox 1356 2754 1421 2819; x_wconf 93' lang='lat' dir='ltr'><strong>sub</strong></span> 
     </span>
     <span class='ocr_line' id='line_1_23' title="bbox 220 2858 914 2941; baseline 0.003 -18"><span class='ocrx_word' id='word_1_172' title='bbox 220 2859 360 2923; x_wconf 90' lang='lat' dir='ltr'><strong>emenda</strong></span> <span class='ocrx_word' id='word_1_173' title='bbox 384 2858 549 2924; x_wconf 90' lang='lat' dir='ltr'><strong>consimili</strong></span> <span class='ocrx_word' id='word_1_174' title='bbox 571 2859 802 2941; x_wconf 89' lang='lat' dir='ltr'><strong>prohibentur.</strong></span> <span class='ocrx_word' id='word_1_175' title='bbox 913 2910 914 2915; x_wconf 65' lang='lat'>,</span> 
     </span>
    </p>

    <p class='ocr_par' dir='ltr' id='par_1_9' title="bbox 219 2961 1423 3569">
     <span class='ocr_line' id='line_1_24' title="bbox 326 2961 1422 3045; baseline 0.002 -18"><span class='ocrx_word' id='word_1_176' title='bbox 326 2961 427 3045; x_wconf 87' lang='lat' dir='ltr'><strong>Apud</strong></span> <span class='ocrx_word' id='word_1_177' title='bbox 472 2980 710 3043; x_wconf 89' lang='lat' dir='ltr'><strong>quemcumque</strong></span> <span class='ocrx_word' id='word_1_178' title='bbox 747 2963 837 3031; x_wconf 87' lang='lat' dir='ltr'><strong>infra</strong></span> <span class='ocrx_word' id='word_1_179' title='bbox 873 2965 1034 3031; x_wconf 86' lang='lat' dir='ltr'><strong>ambitum</strong></span> <span class='ocrx_word' id='word_1_180' title='bbox 1072 2963 1222 3032; x_wconf 87' lang='lat' dir='ltr'><strong>civitatis</strong></span> <span class='ocrx_word' id='word_1_181' title='bbox 1261 2962 1422 3029; x_wconf 86' lang='lat' dir='ltr'><strong>cultellus</strong></span> 
     </span>
     <span class='ocr_line' id='line_1_25' title="bbox 219 3065 1419 3154; baseline 0.002 -23"><span class='ocrx_word' id='word_1_182' title='bbox 219 3065 351 3150; x_wconf 89' lang='lat' dir='ltr'><strong>longus,</strong></span> <span class='ocrx_word' id='word_1_183' title='bbox 375 3067 431 3147; x_wconf 89' lang='lat' dir='ltr'><strong>qui</strong></span> <span class='ocrx_word' id='word_1_184' title='bbox 454 3067 578 3133; x_wconf 90' lang='lat' dir='ltr'><strong>dicitnr</strong></span> <span class='ocrx_word' id='word_1_185' title='bbox 596 3068 787 3135; x_wconf 89' lang='lat' dir='ltr'><strong>misericors</strong></span> <span class='ocrx_word' id='word_1_186' title='bbox 804 3068 1069 3154; x_wconf 88' lang='lat' dir='ltr'><strong>(stechmesser)‚</strong></span> <span class='ocrx_word' id='word_1_187' title='bbox 1085 3066 1217 3152; x_wconf 88' lang='lat' dir='ltr'><strong>cingulo</strong></span> <span class='ocrx_word' id='word_1_188' title='bbox 1234 3084 1419 3149; x_wconf 87' lang='lat' dir='ltr'><strong>suspensus</strong></span> 
     </span>
     <span class='ocr_line' id='line_1_26' title="bbox 221 3170 1423 3259; baseline 0.001 -23"><span class='ocrx_word' id='word_1_189' title='bbox 221 3172 451 3253; x_wconf 87' lang='lat' dir='ltr'><strong>deprehensus</strong></span> <span class='ocrx_word' id='word_1_190' title='bbox 473 3170 586 3255; x_wconf 82' lang='lat' dir='ltr'><strong>inerit,</strong></span> <span class='ocrx_word' id='word_1_191' title='bbox 618 3172 714 3239; x_wconf 90' lang='lat' dir='ltr'><strong>dabit</strong></span> <span class='ocrx_word' id='word_1_192' title='bbox 733 3172 839 3259; x_wconf 88' lang='lat' dir='ltr'><strong>judici</strong></span> <span class='ocrx_word' id='word_1_193' title='bbox 861 3191 961 3239; x_wconf 90' lang='lat' dir='ltr'><strong>unum</strong></span> <span class='ocrx_word' id='word_1_194' title='bbox 984 3172 1148 3240; x_wconf 89' lang='lat' dir='ltr'><strong>talentum</strong></span> <span class='ocrx_word' id='word_1_195' title='bbox 1172 3176 1207 3239; x_wconf 92' lang='lat' dir='ltr'><strong>et</strong></span> <span class='ocrx_word' id='word_1_196' title='bbox 1230 3170 1423 3257; x_wconf 85' lang='lat' dir='ltr'><strong>assignabit</strong></span> 
     </span>
     <span class='ocr_line' id='line_1_27' title="bbox 222 3274 1420 3360; baseline 0 -19"><span class='ocrx_word' id='word_1_197' title='bbox 222 3276 403 3359; x_wconf 88' lang='lat' dir='ltr'><strong>cultellum,</strong></span> <span class='ocrx_word' id='word_1_198' title='bbox 436 3277 491 3344; x_wconf 89' lang='lat' dir='ltr'><strong>vel</strong></span> <span class='ocrx_word' id='word_1_199' title='bbox 521 3276 627 3358; x_wconf 89' lang='lat' dir='ltr'><strong>ipsius</strong></span> <span class='ocrx_word' id='word_1_200' title='bbox 657 3290 773 3345; x_wconf 90' lang='lat' dir='ltr'><strong>manns</strong></span> <span class='ocrx_word' id='word_1_201' title='bbox 802 3276 1048 3344; x_wconf 83' lang='lat' dir='ltr'><strong>transfodiatur</strong></span> <span class='ocrx_word' id='word_1_202' title='bbox 1076 3277 1219 3344; x_wconf 90' lang='lat' dir='ltr'><strong>cultello.</strong></span> <span class='ocrx_word' id='word_1_203' title='bbox 1250 3274 1317 3360; x_wconf 82' lang='lat' dir='ltr'><strong>Qui</strong></span> <span class='ocrx_word' id='word_1_204' title='bbox 1338 3292 1420 3343; x_wconf 89' lang='lat' dir='ltr'><strong>vero</strong></span> 
     </span>
     <span class='ocr_line' id='line_1_28' title="bbox 222 3378 1419 3465; baseline -0.002 -19"><span class='ocrx_word' id='word_1_205' title='bbox 222 3379 396 3448; x_wconf 91' lang='lat' dir='ltr'><strong>cultellum</strong></span> <span class='ocrx_word' id='word_1_206' title='bbox 418 3384 521 3447; x_wconf 89' lang='lat' dir='ltr'><strong>talem</strong></span> <span class='ocrx_word' id='word_1_207' title='bbox 543 3383 578 3449; x_wconf 90' lang='lat' dir='ltr'><strong>in</strong></span> <span class='ocrx_word' id='word_1_208' title='bbox 601 3381 711 3465; x_wconf 88' lang='lat' dir='ltr'><strong>caliga</strong></span> <span class='ocrx_word' id='word_1_209' title='bbox 733 3382 881 3449; x_wconf 90' lang='lat' dir='ltr'><strong>latenter</strong></span> <span class='ocrx_word' id='word_1_210' title='bbox 903 3382 1092 3463; x_wconf 88' lang='lat' dir='ltr'><strong>portaverit</strong></span> <span class='ocrx_word' id='word_1_211' title='bbox 1111 3385 1146 3447; x_wconf 90' lang='lat' dir='ltr'><strong>et</strong></span> <span class='ocrx_word' id='word_1_212' title='bbox 1161 3380 1298 3465; x_wconf 84' lang='lat' dir='ltr'><strong>furtive,</strong></span> <span class='ocrx_word' id='word_1_213' title='bbox 1311 3378 1419 3465; x_wconf 87' lang='lat' dir='ltr'><strong>judici</strong></span> 
     </span>
     <span class='ocr_line' id='line_1_29' title="bbox 222 3485 1002 3569; baseline 0 -18"><span class='ocrx_word' id='word_1_214' title='bbox 222 3487 283 3551; x_wconf 89' lang='lat' dir='ltr'><strong>det</strong></span> <span class='ocrx_word' id='word_1_215' title='bbox 305 3486 450 3569; x_wconf 89' lang='lat' dir='ltr'><strong>quinque</strong></span> <span class='ocrx_word' id='word_1_216' title='bbox 473 3488 603 3556; x_wconf 88' lang='lat' dir='ltr'><strong>talenta</strong></span> <span class='ocrx_word' id='word_1_217' title='bbox 626 3488 681 3556; x_wconf 83' lang='lat' dir='ltr'><strong>vel</strong></span> <span class='ocrx_word' id='word_1_218' title='bbox 703 3504 835 3553; x_wconf 92' lang='lat' dir='ltr'><strong>manum</strong></span> <span class='ocrx_word' id='word_1_219' title='bbox 858 3485 1002 3553; x_wconf 89' lang='lat' dir='ltr'><strong>amittat.</strong></span> 
     </span>
    </p>

    <p class='ocr_par' dir='ltr' id='par_1_10' title="bbox 219 3589 1423 4197">
     <span class='ocr_line' id='line_1_30' title="bbox 327 3589 1423 3675; baseline -0.003 -18"><span class='ocrx_word' id='word_1_220' title='bbox 327 3591 430 3659; x_wconf 89' lang='lat' dir='ltr'><strong>Arma</strong></span> <span class='ocrx_word' id='word_1_221' title='bbox 452 3612 533 3660; x_wconf 85' lang='lat' dir='ltr'><strong>vero</strong></span> <span class='ocrx_word' id='word_1_222' title='bbox 557 3593 696 3675; x_wconf 89' lang='lat' dir='ltr'><strong>reliqna,</strong></span> <span class='ocrx_word' id='word_1_223' title='bbox 718 3597 800 3674; x_wconf 89' lang='lat' dir='ltr'><strong>puta</strong></span> <span class='ocrx_word' id='word_1_224' title='bbox 823 3591 1015 3673; x_wconf 89' lang='lat' dir='ltr'><strong>pancerium</strong></span> <span class='ocrx_word' id='word_1_225' title='bbox 1038 3608 1098 3657; x_wconf 92' lang='lat' dir='ltr'><strong>seu</strong></span> <span class='ocrx_word' id='word_1_226' title='bbox 1116 3590 1263 3672; x_wconf 85' lang='lat' dir='ltr'><strong>loricam,</strong></span> <span class='ocrx_word' id='word_1_227' title='bbox 1281 3589 1423 3673; x_wconf 70' lang='lat' dir='ltr'><strong>galeam,</strong></span> 
     </span>
     <span class='ocr_line' id='line_1_31' title="bbox 222 3692 1420 3782; baseline -0.003 -21"><span class='ocrx_word' id='word_1_228' title='bbox 222 3696 355 3763; x_wconf 88' lang='lat' dir='ltr'><strong>mitram</strong></span> <span class='ocrx_word' id='word_1_229' title='bbox 385 3696 538 3782; x_wconf 88' lang='lat' dir='ltr'><strong>ferream,</strong></span> <span class='ocrx_word' id='word_1_230' title='bbox 567 3698 728 3781; x_wconf 89' lang='lat' dir='ltr'><strong>thoracia,</strong></span> <span class='ocrx_word' id='word_1_231' title='bbox 769 3695 980 3762; x_wconf 89' lang='lat' dir='ltr'><strong>chirothecas</strong></span> <span class='ocrx_word' id='word_1_232' title='bbox 1016 3698 1255 3761; x_wconf 87' lang='lat' dir='ltr'><strong>concatenatas</strong></span> <span class='ocrx_word' id='word_1_233' title='bbox 1287 3698 1322 3761; x_wconf 92' lang='lat' dir='ltr'><strong>et</strong></span> <span class='ocrx_word' id='word_1_234' title='bbox 1352 3692 1420 3759; x_wconf 91' lang='lat' dir='ltr'><strong>alia</strong></span> 
     </span>
     <span class='ocr_line' id='line_1_32' title="bbox 219 3799 1419 3887; baseline -0.005 -19"><span class='ocrx_word' id='word_1_235' title='bbox 219 3803 408 3887; x_wconf 89' lang='lat' dir='ltr'><strong>hujusmodi</strong></span> <span class='ocrx_word' id='word_1_236' title='bbox 430 3806 473 3870; x_wconf 91' lang='lat' dir='ltr'><strong>ad</strong></span> <span class='ocrx_word' id='word_1_237' title='bbox 495 3802 736 3872; x_wconf 85' lang='lat' dir='ltr'><strong>vulnerandum</strong></span> <span class='ocrx_word' id='word_1_238' title='bbox 759 3801 887 3869; x_wconf 84' lang='lat' dir='ltr'><strong>directe</strong></span> <span class='ocrx_word' id='word_1_239' title='bbox 911 3819 977 3867; x_wconf 94' lang='lat' dir='ltr'><strong>non</strong></span> <span class='ocrx_word' id='word_1_240' title='bbox 1001 3799 1155 3865; x_wconf 88' lang='lat' dir='ltr'><strong>ordinata</strong></span> <span class='ocrx_word' id='word_1_241' title='bbox 1174 3800 1281 3884; x_wconf 84' lang='lat' dir='ltr'><strong>judex</strong></span> <span class='ocrx_word' id='word_1_242' title='bbox 1303 3816 1323 3863; x_wconf 89' lang='lat' dir='ltr'><strong>a</strong></span> <span class='ocrx_word' id='word_1_243' title='bbox 1344 3816 1419 3881; x_wconf 92' lang='lat' dir='ltr'><strong>por·</strong></span> 
     </span>
     <span class='ocr_line' id='line_1_33' title="bbox 221 3900 1420 3987; baseline -0.007 -14"><span class='ocrx_word' id='word_1_244' title='bbox 221 3906 373 3973; x_wconf 82' lang='lat' dir='ltr'><strong>tentibus</strong></span> <span class='ocrx_word' id='word_1_245' title='bbox 396 3910 440 3974; x_wconf 91' lang='lat' dir='ltr'><strong>ad</strong></span> <span class='ocrx_word' id='word_1_246' title='bbox 463 3908 648 3974; x_wconf 90' lang='lat' dir='ltr'><strong>nocendum</strong></span> <span class='ocrx_word' id='word_1_247' title='bbox 671 3912 706 3972; x_wconf 92' lang='lat' dir='ltr'><strong>et</strong></span> <span class='ocrx_word' id='word_1_248' title='bbox 728 3903 962 3973; x_wconf 87' lang='lat' dir='ltr'><strong>offendendum</strong></span> <span class='ocrx_word' id='word_1_249' title='bbox 989 3904 1141 3987; x_wconf 87' lang='lat' dir='ltr'><strong>recipere</strong></span> <span class='ocrx_word' id='word_1_250' title='bbox 1173 3902 1299 3986; x_wconf 89' lang='lat' dir='ltr'><strong>poterit</strong></span> <span class='ocrx_word' id='word_1_251' title='bbox 1321 3900 1420 3983; x_wconf 91' lang='lat' dir='ltr'><strong>pleno</strong></span> 
     </span>
     <span class='ocr_line' id='line_1_34' title="bbox 219 4004 1421 4097; baseline -0.006 -20"><span class='ocrx_word' id='word_1_252' title='bbox 219 4012 313 4097; x_wconf 89' lang='lat' dir='ltr'><strong>jure;</strong></span> <span class='ocrx_word' id='word_1_253' title='bbox 350 4013 410 4078; x_wconf 88' lang='lat' dir='ltr'><strong>sed</strong></span> <span class='ocrx_word' id='word_1_254' title='bbox 443 4011 535 4078; x_wconf 90' lang='lat' dir='ltr'><strong>nulla</strong></span> <span class='ocrx_word' id='word_1_255' title='bbox 569 4016 676 4093; x_wconf 84' lang='lat' dir='ltr'><strong>poena</strong></span> <span class='ocrx_word' id='word_1_256' title='bbox 713 4010 860 4076; x_wconf 87' lang='lat' dir='ltr'><strong>bursalis</strong></span> <span class='ocrx_word' id='word_1_257' title='bbox 900 4013 952 4076; x_wconf 90' lang='lat' dir='ltr'><strong>est</strong></span> <span class='ocrx_word' id='word_1_258' title='bbox 991 4008 1055 4076; x_wconf 91' lang='lat' dir='ltr'><strong>sibi</strong></span> <span class='ocrx_word' id='word_1_259' title='bbox 1089 4010 1124 4075; x_wconf 90' lang='lat' dir='ltr'><strong>et</strong></span> <span class='ocrx_word' id='word_1_260' title='bbox 1157 4005 1258 4073; x_wconf 88' lang='lat' dir='ltr'><strong>armis</strong></span> <span class='ocrx_word' id='word_1_261' title='bbox 1293 4004 1421 4072; x_wconf 84' lang='lat' dir='ltr'><strong>talibus</strong></span> 
     </span>
     <span class='ocr_line' id='line_1_35' title="bbox 224 4114 457 4197; baseline -0.004 -16"><span class='ocrx_word' id='word_1_262' title='bbox 224 4114 457 4197; x_wconf 84' lang='lat' dir='ltr'><strong>persolvenda.</strong></span> 
     </span>
    </p>
   </div>
   <div class='ocr_carea' id='block_1_5' title="bbox 226 4247 1422 4411">
    <p class='ocr_par' dir='ltr' id='par_1_11' title="bbox 226 4247 1422 4411">
     <span class='ocr_line' id='line_1_36' title="bbox 331 4247 1422 4322; baseline -0.005 -15"><span class='ocrx_word' id='word_1_263' title='bbox 331 4255 359 4322; x_wconf 80' lang='lat'><strong>*)</strong></span> <span class='ocrx_word' id='word_1_264' title='bbox 378 4254 461 4309; x_wconf 88' lang='lat' dir='ltr'><strong>Talia</strong></span> <span class='ocrx_word' id='word_1_265' title='bbox 479 4260 545 4309; x_wconf 88' lang='lat' dir='ltr'><strong>eunt</strong></span> <span class='ocrx_word' id='word_1_266' title='bbox 564 4270 642 4308; x_wconf 88' lang='lat' dir='ltr'><strong>arma</strong></span> <span class='ocrx_word' id='word_1_267' title='bbox 661 4253 815 4320; x_wconf 65' lang='lat' dir='ltr'><strong>offeranda,</strong></span> <span class='ocrx_word' id='word_1_268' title='bbox 836 4267 951 4319; x_wconf 87' lang='lat' dir='ltr'><strong>quorum</strong></span> <span class='ocrx_word' id='word_1_269' title='bbox 968 4266 1035 4306; x_wconf 87' lang='lat' dir='ltr'><strong>usus</strong></span> <span class='ocrx_word' id='word_1_270' title='bbox 1055 4256 1099 4305; x_wconf 89' lang='lat' dir='ltr'><strong>est</strong></span> <span class='ocrx_word' id='word_1_271' title='bbox 1116 4248 1282 4318; x_wconf 83' lang='lat' dir='ltr'><strong>prohibitus,</strong></span> <span class='ocrx_word' id='word_1_272' title='bbox 1302 4247 1375 4301; x_wconf 87' lang='lat' dir='ltr'><strong>sicut</strong></span> <span class='ocrx_word' id='word_1_273' title='bbox 1390 4252 1422 4301; x_wconf 87' lang='lat' dir='ltr'><strong>et</strong></span> 
     </span>
     <span class='ocr_line' id='line_1_37' title="bbox 226 4340 902 4411; baseline -0.004 -14"><span class='ocrx_word' id='word_1_274' title='bbox 226 4340 341 4397; x_wconf 82' lang='lat' dir='ltr'><strong>offensio</strong></span> <span class='ocrx_word' id='word_1_275' title='bbox 362 4347 406 4395; x_wconf 89' lang='lat' dir='ltr'><strong>est</strong></span> <span class='ocrx_word' id='word_1_276' title='bbox 423 4341 566 4409; x_wconf 88' lang='lat' dir='ltr'><strong>prohibita</strong></span> <span class='ocrx_word' id='word_1_277' title='bbox 580 4341 645 4411; x_wconf 75' lang='lat' dir='ltr'><strong>June</strong></span> <span class='ocrx_word' id='word_1_278' title='bbox 664 4341 750 4395; x_wconf 90' lang='lat' dir='ltr'><strong>etiam</strong></span> <span class='ocrx_word' id='word_1_279' title='bbox 768 4340 902 4395; x_wconf 90' lang='lat' dir='ltr'><strong>naturali.</strong></span> 
     </span>
    </p>
   </div>
   <div class='ocr_carea' id='block_1_6' title="bbox 0 0 1657 5009">
    <p class='ocr_par' dir='ltr' id='par_1_12' title="bbox 0 0 1657 5009">
     <span class='ocr_line' id='line_1_38' title="bbox 0 0 1657 5009; baseline 0 0"><span class='ocrx_word' id='word_1_280' title='bbox 0 0 1657 5009; x_wconf 95' lang='lat' dir='ltr'><strong> </strong></span> 
     </span>
    </p>
   </div>
  </div>
 </body>
</html>
