3275 5009
677 365 843 420 Brunenses.
1306 369 1359 420 261

266 573 337 636 683,
371 569 463 643 Quod
493 581 585 634 testes
616 573 715 635 vicem
740 575 928 657 juratorum
960 573 1148 655 supplentes
1179 575 1223 639 ed
1252 578 1358 637 minna

153 677 223 738 siat
249 678 323 740 duo.
348 675 445 743 Licet
476 677 702 743 testimonium
733 675 830 742 nnius
861 677 965 759 ‚iurati
1001 679 1046 743 sit
1080 677 1209 762 0101000,
1243 685 1358 748 tamen

152 785 269 846 testes
303 775 408 849 vicem
436 783 623 866 juratorum
655 781 860 862 supplentes,
893 782 1075 864 cujusmodi
1109 793 1189 848 sunt
1226 786 1359 868 arbitri,

152 885 339 967 nuptiales,
373 883 531 968 legatarii
555 890 589 950 et
613 886 809 956 consimiles.
844 885 879 951 in
913 887 999 951 omni
1034 905 1136 954 causa
1170 890 1213 953 ad
1248 890 1358 955 minus

152 990 285 1055 debent
308 1007 383 1056 esse
408 991 481 1071 dun,
506 994 542 1054 nt
565 1008 625 1070 per
648 989 711 1054 hoc
735 991 939 1074 designetur,
964 993 1051 1070 quod
1066 991 1101 1055 in
1115 996 1188 1057 toto
1205 1011 1270 1059 non
1287 994 1356 1059 sint

150 1093 310 1172 aequalis
334 1095 472 1160 virtutis
496 1091 584 1160 sicut
603 1095 718 1176 jnrati.

263 1251 336 1315 684.
370 1251 419 1313 De
450 1250 582 1314 testibus
615 1249 843 1333 scuppla-atibus
873 1252 972 1314 uicem
994 1255 1194 1334 juratorum.
1227 1254 1355 1338 Testes,

151 1352 210 1431 qui
252 1357 297 1419 ad
328 1355 551 1438 juramentum
587 1374 652 1422 non
687 1361 860 1438 coguntur,
908 1355 1091 1439 eujusmodi
1124 1362 1203 1422 sunt
1240 1357 1355 1439 jurati,

151 1457 280 1523 arbitri
325 1464 360 1525 et
405 1459 599 1542 consimiles,
645 1460 732 1524 sicut
777 1463 819 1526 ad
866 1461 1123 1526 confirmandum
1161 1462 1353 1543 juramento

151 1561 334 1646 corporali,
358 1565 447 1641 qnod
473 1565 667 1644 deponendo
701 1563 825 1641 dieunt,
857 1564 1009 1644 compelli
1044 1583 1104 1644 per
1137 1572 1254 1646 partes
1288 1584 1354 1630 non

151 1673 312 1747 possunt,
335 1665 384 1730 010
407 1685 469 1731 000
492 1667 526 1732 10
551 1669 767 1749 depositione,
798 1686 896 1747 quam
926 1669 1063 1749 faciunt,
1095 1670 1229 1733 cadunt.
1259 1670 1355 1736 Unde

151 1785 195 1832 ex
219 1771 488 1852 transpositione
514 1773 566 1836 vel
589 1772 796 1838 correctione
828 1775 1004 1838 verborum
1033 1789 1165 1838 suornm
1196 1791 1258 1838 nec
1289 1772 1356 1853 ipsi

152 1874 196 1936 ad
221 1875 397 1939 emendam
433 1875 632 1958 obligantur,
667 1894 729 1941 neo
762 1895 841 1957 pars
875 1895 1008 1941 causam
1043 1876 1163 1959 perdit,
1195 1895 1256 1957 pro
1290 1895 1356 1956 qua

150 1980 341 2042 testantur.
364 1979 485 2044 Dictus
510 1980 594 2044 enim
612 1980 705 2062 rigor
721 1981 922 2048 mutationis.
939 1980 1159 2063 obmissionis,
1174 1981 1355 2046 additionis

153 2081 208 2146 vel
233 2081 430 2147 minutionis
462 2085 637 2148 verborum
666 2092 719 2148 est
742 2090 873 2149 tantum
895 2083 929 2148 in
949 2083 1149 2164 Juramentis
1174 2090 1209 2150 et
1231 2102 1297 2150 non
1319 2085 1354 2150 in

150 2185 260 2250 dictis
284 2186 548 2268 depositionibus
573 2189 812 2252 observandus,

264 2343 335 2409 aab.
362 2341 475 2404 Utrum
500 2347 534 2404 in
557 2345 644 2404 omni
666 2365 766 2405 00000
789 2353 883 2406 testes
905 2345 972 2405 sint
994 2343 1186 2406 0000100001
1200 2345 1353 2427 propriis

152 2445 351 2509 nominibus.
377 2448 461 2513 Pars
485 2447 520 2513 in
544 2467 645 2514 00000
668 2449 751 2514 reali
775 2449 830 2515 vel
853 2448 1021 2532 pecuniali
1043 2453 1150 2514 testes
1170 2451 1354 2530 producere

154 2551 285 2617 debens
305 2551 341 2616 in
360 2552 485 2634 judicio
508 2551 631 2636 futuro,
655 2555 697 2618 ad
722 2553 918 2633 petitionem
942 2553 1049 2635 partis
1072 2555 1236 2618 adversae
1252 2552 1353 2619 nomi·

153 2657 255 2720 nabit
278 2673 378 2721 unum
401 2673 442 2721 ex
466 2656 514 2720 eis
534 2656 659 2738 judicio
683 2658 872 2738 praesenti,
902 2658 960 2722 sed
992 2657 1026 2722 in
1058 2675 1157 2722 causa
1189 2656 1353 2722 criminali

154 2761 210 2824 vel
236 2760 410 2825 vulnerum
433 2761 495 2824 hoc
518 2759 590 2825 fieri
613 2779 677 2825 nou
702 2762 885 2827 consuevit.

263 2916 336 2980 686.
368 2913 482 2978 Uirum
512 2917 556 2978 nd
585 2917 813 2979 nominandum
845 2927 938 2978 testes
969 2918 1014 2978 sit
1038 2919 1133 2998 parti
1161 2915 1353 2978 deliberatio

156 3017 366 3082 concedenda.
408 3019 568 3104 Quamvis
600 3026 707 3085 000000
742 3039 802 3101 per
834 3004 962 3102 partem
998 3023 1234 3102 producentem
1273 3021 1353 3086 sciri

156 3122 313 3206 debeant,
331 3127 533 3189 tamencum
551 3125 747 3190 deliberatio
772 3130 805 3190 et
824 3125 1077 3191 interlocutoria
1092 3126 1127 3190 iu
1143 3125 1229 3190 omni
1253 3133 1349 3205 parte

156 3225 228 3292 litis
253 3227 299 3292 sit
322 3228 452 3309 petenti
476 3229 704 3294 concedenda:
735 3228 764 3292 si
781 3247 874 3310 pars
908 3231 1032 3293 debens
1063 3234 1170 3293 testes
1201 3234 1353 3296 statuere

157 3331 253 3410 petit,
278 3332 320 3395 ad
344 3349 400 3396 eos
424 3330 656 3396 nominandum
688 3340 740 3395 est
772 3331 837 3398 sibi
867 3331 1063 3398 deliberatio
1094 3353 1160 3397 000
1190 3336 1351 3416 neganda.

157 3431 223 3500 Est
246 3435 333 3500 enim
357 3437 580 3500 necessarium
605 3435 766 3516 partibus,
791 3437 878 3514 quod
903 3454 1012 3500 coram
1025 3436 1151 3516 jndicio
1169 3439 1353 3515 prudenter

157 3535 345 3620 loquentur,
376 3541 418 3603 ad
449 3541 536 3617 quod
567 3539 824 3618 praemeditatio
859 3545 912 3603 est
948 3538 1120 3619 plurimum
1154 3547 1351 3621 opportuna.

262 3696 334 3760 6817.
373 3694 423 3757 De
463 3695 595 3758 testibus
633 3696 818 3774 nominatis,
858 3696 915 3776 qui
950 3697 1143 3782 moriantur,
1182 3706 1349 3777 antequem

158 3806 355 3864 atatoantnr.
378 3799 413 3866 Si
437 3800 536 3866 testis
560 3798 756 3876 nominatus,
781 3806 959 3878 antequem
975 3799 1079 3864 instet
1100 3800 1268 3882 terminus,
1285 3818 1349 3879 qno

159 3903 265 3968 statui
288 3904 412 3983 debuit,
436 3903 613 3969 moriatur:
645 3906 891 3969 eoncedendum
921 3910 974 3968 est
1006 3906 1101 3986 parti,
1132 3907 1218 3984 quod
1248 3904 1350 3971 011000

159 4009 276 4074 000000
298 4007 534 4074 eredibilitatis
559 4017 594 4073 00
617 4007 810 4072 idoneitatis
829 4014 959 4073 statuat
974 4027 1033 4090 pro
1050 4010 1174 4073 eodem.
1198 4008 1232 4072 Si
1249 4009 1349 4074 etiam

159 4109 259 4185 iurati
282 4115 323 4177 ad
347 4129 464 4194 preces
497 4113 603 4194 partis
628 4117 748 4176 testem
772 4118 1002 4194 aegrotantem
1027 4112 1166 4177 visitent
1189 4117 1224 4176 et
1246 4116 1350 4179 verba

160 4214 229 4292 ejus
253 4215 400 4295 audiant,
423 4218 464 4280 de
488 4214 552 4279 hiis
577 4217 610 4279 in
633 4215 688 4280 illo
709 4216 844 4297 judicio,
867 4215 901 4280 10
925 4233 987 4294 quo
1011 4217 1134 4280 testari
1166 4216 1288 4293 debuit,
1319 4216 1347 4280 si

161 4317 350 4401 decesserit,
374 4319 598 4384 testimonium
621 4317 710 4385 ferre
736 4326 882 4399 possunt.
