3275 5009
1428 357 1765 412 Brunenses.
2726 363 2790 413 41

383 569 465 632 et
511 567 803 648 querela,
851 567 907 634 si
957 566 1401 650 allegationes
1450 568 1748 633 mulieris
1794 587 1996 635 verae
2051 567 2365 634 inventae
2410 568 2683 653 fuerint,
2734 571 2794 635 si

386 688 563 750 quas
609 670 906 753 legitime
969 671 1239 754 allegat,
1294 691 1425 737 non
1485 676 1592 738 est
1651 671 2067 754 rationabile,
2130 674 2303 752 quod
2365 676 2794 757 respondeat,

390 774 576 839 sicut
623 793 741 856 pro
788 775 1140 841 homicidio
1190 777 1544 842 consuevit
1595 777 2037 861 justicialiter
2082 776 2489 858 responderi.
2546 778 2794 860 Posit0,

393 880 576 958 quod
601 898 776 946 mors
804 880 1042 946 exinde
1075 883 1347 947 tandem
1381 886 1717 962 sequatur,
1743 887 1968 947 tamen
1995 882 2149 961 quia
2175 882 2531 949 communis
2558 884 2792 967 regula

387 983 562 1066 juris
613 983 826 1052 civilis
874 984 1056 1067 dicit,
1109 988 1322 1069 „quod
1368 988 1454 1050 ad
1501 1004 1757 1052 omnem
1804 985 2279 1066 querimoniam
2326 987 2577 1051 actoris
2639 1005 2793 1054 reus

394 1086 790 1154 affirmando
865 1090 973 1154 vel
1049 1091 1358 1172 negando
1436 1091 1903 1174 respondeat“,
1980 1089 2245 1172 sufficit,
2314 1092 2491 1170 quod
2558 1092 2795 1158 mulier

391 1193 793 1273 simpliciter
837 1196 1245 1275 respondeat
1292 1200 1358 1260 et
1399 1197 1776 1279 Jui¹amento
1824 1194 2108 1276 simplici
2156 1213 2231 1261 se
2278 1213 2623 1279 expurget.

609 1299 802 1363 Unde
850 1317 996 1364 cum
1045 1298 1224 1364 circa
1270 1298 1550 1365 crimina
1607 1299 1911 1380 probatio
1975 1299 2362 1379 requiratur
2422 1292 2791 1367 clarissima

397 1407 472 1466 et
542 1401 740 1468 multo
807 1404 1018 1485 major
1080 1422 1272 1482 quam
1336 1403 1517 1470 circa
1583 1421 1822 1468 causas
1884 1403 2137 1485 civileS,
2206 1422 2352 1469 cum
2421 1406 2647 1488 agitur
2706 1408 2790 1471 de

391 1505 972 1573 incantationibus
1043 1514 1110 1573 et
1182 1507 1401 1574 truffis
1466 1507 1937 1590 consimilibUS,
1994 1526 2167 1588 quae
2230 1528 2361 1574 non
2422 1510 2792 1593 manifeste,

391 1612 522 1675 sed
569 1608 1018 1678 secretissime
1065 1613 1212 1680 fieri
1267 1617 1793 1679 consueverunt:
1858 1616 2330 1679 recurrendum
2393 1621 2497 1679 est
2560 1616 2644 1679 ad
2694 1633 2788 1691 ea,

394 1733 572 1794 quae
641 1722 974 1800 generant
1041 1718 1666 1801 praesumptionem,
1756 1717 2073 1782 videlicet
2142 1717 2198 1781 si
2266 1718 2491 1798 aliqua
2560 1719 2793 1784 mulier

398 1822 772 1887 concubina
829 1822 958 1887 fuit
1021 1823 1301 1907 alicujus
1358 1822 1504 1900 viri,
1553 1829 1623 1888 et
1670 1822 1728 1887 si
1773 1821 2084 1887 fortassis
2151 1840 2373 1887 coram
2419 1823 2793 1906 fidedigniS,

396 1924 515 2004 qui
560 1925 983 2009 audiverunt,
1029 1928 1109 1991 de
1159 1929 1388 1994 eodem
1437 1926 1579 1992 viro
1631 1926 1913 1992 dixerit:
1979 1925 2145 2007 „nisi
2203 1926 2369 1991 talia
2413 1926 2673 2010 fecerit,
2720 1932 2789 1992 et

393 2047 438 2093 a
485 2029 736 2096 talibus
782 2031 1175 2113 cessaverit,
1221 2031 1653 2096 machinabor
1700 2031 1767 2095 in
1812 2036 2089 2097 mortem
2137 2032 2399 2112 suam“;
2468 2038 2539 2096 et
2604 2050 2792 2112 prae-

393 2133 613 2215 cipue,
674 2135 733 2201 si
793 2154 941 2201 cum
999 2134 1575 2202 incantationibus
1623 2134 1908 2199 circuire
1977 2135 2326 2202 consuevit
2390 2139 2459 2201 et
2515 2134 2582 2200 in
2631 2141 2789 2201 actu

393 2239 523 2304 tali
570 2241 963 2319 quandoque
1010 2250 1208 2320 rapta
1253 2240 1477 2306 fuerit.
1527 2239 1707 2304 Talis
1761 2239 1936 2305 enim
1982 2238 2217 2304 mulier
2262 2239 2331 2304 in
2378 2257 2668 2323 causam,
2716 2245 2791 2304 ut

392 2344 706 2425 superius
755 2345 1078 2427 tangitur,
1124 2350 1347 2410 tracta
1395 2345 1674 2428 indiget,
1708 2347 1883 2424 quod
1915 2349 2251 2423 tamquam
2282 2342 2611 2409 homicida
2645 2363 2789 2410 cum

388 2448 686 2512 testibus
741 2468 814 2515 se
867 2456 1218 2532 expurget.
1276 2450 1355 2514 In
1415 2451 1716 2517 omnibus
1780 2449 1953 2516 enim
2017 2448 2239 2514 causis
2301 2466 2432 2513 non
2494 2449 2789 2531 exigitur

390 2553 702 2633 probatio
766 2571 979 2633 aeque
1038 2552 1252 2636 fortiS,
1321 2555 1450 2620 imo
1516 2555 1878 2619 secundum
1926 2570 2276 2618 causarum
2324 2552 2787 2619 diversitatem

393 2656 705 2738 probatio
755 2664 823 2723 et
870 2659 1269 2742 expurgatio
1316 2658 1812 2724 rationabiliter
1860 2657 2226 2722 variantur.

601 2815 704 2876 44.
761 2810 946 2886 Quod
990 2824 1174 2877 actor
1192 2813 1637 2897 personaliter
1668 2836 1856 2896 aqere
1889 2812 2070 2876 debet
2085 2834 2217 2899 pro
2252 2834 2452 2875 umore
2487 2813 2777 2874 deducta.

388 2919 472 2985 In
519 2937 728 2985 causa
775 2919 1192 2986 deductionis
1239 2920 1466 2985 uxoris
1517 2924 1868 3001 pensatum
1917 2923 2039 3001 est,
2087 2937 2218 2983 non
2248 2918 2454 2983 licere
2491 2922 2787 2983 actorem

391 3042 597 3107 agere
645 3017 765 3104 per
813 3031 1329 3106 procuratorem,
1378 3026 1495 3089 sed
1545 3025 1815 3105 propria
1858 3024 1930 3088 in
1979 3041 2279 3104 persona.

604 3184 707 3244 45.
785 3178 878 3244 De
938 3159 1186 3244 actione
1225 3183 1410 3266 juris
1464 3190 1877 3264 patronatu&
1948 3179 2020 3244 Si
2081 3178 2384 3258 quaestio
2448 3184 2552 3244 est
2612 3180 2789 3244 inter

389 3294 625 3369 partes
661 3288 743 3353 de
765 3287 920 3368 jure
953 3291 1367 3369 patronatus,
1399 3285 1514 3351 illa
1549 3304 1630 3351 ex
1664 3303 1760 3367 e0,
1808 3285 1981 3363 quod
2015 3285 2151 3348 tale
2176 3284 2285 3366 jus
2319 3290 2425 3349 est
2458 3301 2788 3348 annexum

391 3391 752 3473 spirituali,
801 3397 907 3457 est
954 3390 1196 3475 judicio
1245 3390 1563 3456 canonico
1613 3390 1996 3455 decidenda.

601 3550 704 3612 46.
759 3546 986 3608 Utrum
1032 3549 1621 3626 excommunicatus·
1662 3548 1874 3630 possit
1903 3566 2109 3627 ayere.
2159 3544 2785 3609 Excommunicatus

388 3652 458 3719 in
497 3652 754 3739 judicio
800 3652 1086 3718 seculari
1132 3671 1336 3735 agere
1383 3657 1626 3735 potest,
1674 3651 1837 3716 licet
1880 3649 2056 3715 forte
2090 3666 2285 3714 secus
2319 3646 2408 3713 sit
2441 3648 2508 3712 in
2537 3647 2782 3730 judicio

391 3757 749 3840 spirituali.

599 3906 704 3973 47.
758 3903 987 3968 Utrum
1035 3905 1124 3969 ad
1172 3907 1411 3967 actoris
1445 3903 1909 3986 querimoniam
1944 3902 2019 3966 de
2051 3898 2519 3963 hereditatibus
2552 3909 2785 3962 motam

383 4004 535 4072 reue
554 4030 806 4093 semper
823 4007 1046 4072 debeat
1062 4008 1467 4092 respondere.
1496 4008 1660 4074 Cum
1680 4013 1913 4074 contra
1937 4011 2191 4090 partem
2211 4003 2597 4086 inauditam,
2616 4022 2785 4085 quae

384 4113 646 4179 directe
693 4117 952 4179 tantum
999 4113 1269 4180 auditur
1313 4114 1797 4194 respondend0‚
1847 4111 2184 4177 sententia
2232 4107 2590 4174 diffinitiva
2654 4127 2785 4174 non

383 4220 477 4285 sit
545 4218 942 4298 deferenda3
1011 4236 1158 4283 cum
1223 4217 1422 4282 etiam
1486 4235 1568 4281 ex
1637 4215 1963 4282 communi
2030 4214 2263 4295 regula
2326 4213 2497 4295 juris
2567 4211 2783 4277 civilis

389 4341 588 4406 „reus
637 4341 957 4403 praesens
1004 4322 1086 4386 ad
1123 4321 1592 4401 querimoniam
1625 4321 1876 4387 actoris
1911 4318 2298 4385 affirmando
2332 4317 2442 4381 vel
2473 4317 2780 4398 negando
