3275 5009
303 335 355 390 194
820 327 985 381 Sententiae

303 543 434 627 eligunt
456 547 490 608 et
514 543 670 608 statuunt
691 545 843 620 tempore
864 536 995 603 debito:
1017 540 1098 601 tunc
1125 551 1191 600 non
1219 539 1273 599 est
1295 550 1382 613 opus,
1401 534 1471 610 quod
1577 520 1579 605 1

303 647 356 715 ΧΙ
365 644 473 730 jurati
489 663 548 727 pro
563 642 784 711 destitutione
799 639 996 723 duodecimi,
1011 638 1040 705 11
1054 639 1118 704 111
1132 635 1305 718 demeruit,
1318 635 1475 718 principem

303 749 486 832 requirant.
508 747 613 815 Saeua
635 751 747 814 autem
770 751 834 828 eat,
856 745 886 811 ai
909 743 1065 827 princeps
1086 741 1153 809 sibi
1175 740 1241 824 ipsi
1260 740 1473 807 auctoritatem
1577 718 1578 807 Ῐ

304 853 491 938 hujusmodi
514 852 721 932 reservavit,
744 855 824 918 tuno
842 849 930 916 enim
946 848 1035 915 sicut
1049 845 1179 930 electio,
1204 845 1254 912 sic
1270 849 1307 912 et
1322 844 1476 912 destitutio
1577 908 1578 921 ,

302 962 443 1028 adeum
466 957 625 1040 pertinet,
647 974 720 1023 cum
742 952 966 1022 accessorium
989 951 1085 1032 sequi
1107 951 1231 1018 debeat
1254 949 1435 1032 principale.

411 1060 503 1148 (Alia
537 1062 579 1127 de
611 1059 679 1126 ista
712 1056 855 1125 materia
887 1074 1012 1139 quaere
1046 1073 1149 1138 supra
1182 1057 1243 1122 sub
1279 1054 1385 1122 titulis
1417 1055 1480 1137 ,lle

304 1187 323 1234 e
336 1186 365 1234 m
374 1184 422 1235 en
433 1165 546 1245 dis“.)

408 1287 482 1355 476.
506 1283 596 1373 (Be.)
620 1283 778 1348 Excessus
802 1281 944 1348 verbalia
966 1303 1073 1345 coram
1094 1282 1218 1360 juratis
1226 1281 1344 1366 factae
1360 1278 1481 1365 qualiter

307 1394 352 1452 111
375 1389 601 1454 emendandus.

409 1512 484 1578 477.
508 1508 597 1598 (Be.)
621 1510 671 1572 De
687 1511 766 1593 jare
788 1507 882 1574 cicili
897 1529 963 1592 por
984 1507 1124 1570 novitios
1147 1505 1281 1570 obtento.
1386 1536 1389 1541 ·

412 1633 485 1696 478.
509 1629 599 1717 (Be.)
623 1630 672 1692 Da
686 1633 765 1714 jura
788 1632 964 1698 uinearum.

410 1753 485 1821 479.
510 1750 599 1840 (Be.)
623 1752 674 1815 Da
690 1755 769 1837 jure
791 1748 966 1815 novalium,

577 1941 825 2024 capitulum
847 1939 944 2007 XLI:
967 1940 1027 2007 De
1050 1941 1236 2007 litteris.

411 2083 485 2146 480.
524 2081 575 2144 Da
609 2079 729 2144 litteris
766 2081 933 2165 11911111.
971 2081 1071 2148 Licet
1100 2080 1207 2167 jurati
1247 2079 1396 2162 personis
1424 2079 1488 2162 jure

309 2187 459 2256 civitatis
475 2184 648 2254 utentibus
663 2187 706 2253 ad
719 2203 833 2252 eorum
847 2184 939 2251 facta
954 2191 990 2252 et
1005 2184 1234 2252 ordinationes
1250 2183 1489 2262 confirmandas,

310 2309 385 2359 cum
407 2293 579 2375 rogantur,
601 2288 734 2356 litteras
758 2292 819 2355 sub
847 2288 957 2372 sigillo
989 2288 1151 2356 communi
1182 2288 1303 2355 civium
1334 2287 1489 2354 confectas
1578 2338 1579 2373 ,

311 2397 478 2478 denegare
502 2413 567 2461 non
590 2395 752 2461 debeant:
779 2398 892 2460 tamen
923 2396 953 2462 si
982 2395 1072 2460 inter
1101 2411 1264 2475 personas
1296 2393 1381 2460 tales
1402 2397 1490 2474 pacta

309 2498 394 2564 fiant
416 2504 450 2565 et
474 2497 645 2582 promissa,
667 2517 726 2566 seu
749 2504 917 2567 tractatus
940 2505 975 2566 et
991 2497 1257 2581 compositiones,
1273 2515 1360 2578 quae
1371 2496 1487 2579 juribus

311 2589 488 2671 civitatum
512 2604 686 2686 derogent,
717 2603 772 2670 vel
794 2603 912 2670 honori
935 2605 988 2671 val
1012 2601 1155 2670 utilitati
1179 2601 1384 2684 reipublicae
1411 2617 1493 2682 praa·

307 2704 470 2789 judicent,
506 2704 590 2772 talia
622 2705 728 2790 jurati
766 2707 961 2774 confirmare
996 2726 1056 2789 per
1088 2706 1222 2773 litteras
1256 2705 1404 2774 ciuitatis
1435 2721 1491 2770 non

313 2814 481 2878 tenentur.

413 2941 487 3005 481.
511 2939 560 3003 Ile
583 2937 704 3004 litteris
726 2939 917 3006 mr'raililar.
947 2940 1097 3007 [litterae
1127 2940 1271 3008 missiles
1302 2942 1431 3009 clausae
1455 2957 1492 3004 11

311 3044 422 3113 111111
444 3044 701 3112 rationabilibus
725 3045 842 3129 uagari
863 3050 1006 3129 possunt
1028 3050 1064 3112 at
1082 3044 1237 3130 extingui
1252 3064 1314 3129 per
1327 3047 1426 3129 illum,
1439 3047 1491 3111 sub

313 3150 408 3233 cujus
422 3149 532 3232 sigillo
548 3155 628 3216 sunt
644 3150 835 3230 conlectae,
856 3169 923 3218 vox
938 3149 1040 3218 etiam
1055 3150 1135 3218 vira
1150 3149 1288 3218 testium
1305 3150 1492 3231 idoneorum,

312 3259 352 3319 ut
381 3252 416 3318 11
445 3254 617 3333 praesenti
646 3253 772 3322 factum
802 3260 856 3320 est
887 3272 978 3333 casu,
1005 3252 1131 3321 litteris
1162 3253 1286 3322 talibus
1310 3257 1494 3328 1111161111,

313 3356 360 3421 Et
383 3362 436 3422 est
460 3375 567 3435 casus,
590 3361 677 3438 quod
699 3358 765 3442 1116,
788 3359 846 3440 qui
869 3359 986 3425 debuit
1008 3359 1157 3426 litteram
1180 3377 1240 3440 pro
1268 3359 1407 3427 Nicolao
1432 3376 1493 3441 pro·

313 3479 433 3528 curare
456 3461 614 3545 scribare,
636 3480 696 3545 pro
720 3463 871 3530 Conrado
888 3481 930 3530 ex
944 3462 1152 3548 negligentia
1167 3464 1220 3530 sui
1236 3463 1364 3546 scripta
1389 3464 1495 3544 111111

311 3583 393 3649 ergo
416 3583 482 3635 uox
511 3564 598 3648 viva,
630 3565 660 3632 si
690 3569 788 3633 adest
817 3567 956 3633 testium
985 3566 1186 3652 idoneorum,
1219 3567 1346 3635 litteris
1381 3570 1494 3637 talibus
1579 3574 1580 3595 ³

311 3669 510 3737 antefertur.

416 3774 535 3841 Utrum
558 3780 669 3841 autem
692 3773 817 3842 litteris
841 3773 960 3859 sigillis
984 3776 1117 3859 clausis,
1140 3781 1176 3843 et
1200 3775 1345 3843 testibus
1362 3795 1422 3859 pro
1437 3795 1494 3841 111

314 3879 411 3958 parte
442 3875 654 3961 iacientibus,
686 3878 851 3960 praeferri
891 3881 1037 3947 debeant
1070 3881 1133 3948 soli
1168 3885 1276 3948 testes
1314 3899 1376 3963 per
1408 3881 1495 3946 aliam

313 3985 445 4062 partem
466 3983 637 4064 producti:
666 3985 806 4051 testium
834 3983 1020 4052 idoneitate
1049 4003 1089 4052 ac
1111 3985 1370 4054 attestationum
1392 4003 1496 4053 conso·

314 4083 431 4151 nantia
454 4086 643 4170 ceterisque
671 4089 932 4157 circumstantiis
963 4088 1144 4174 diligenter
1173 4089 1407 4173 consideratis,
1433 4107 1493 4172 per·

314 4188 522 4257 scrutatione
536 4191 667 4275 indiget
689 4192 845 4274 sapienti.
868 4192 1031 4276 (Require
1054 4213 1173 4277 supra:
1197 4193 1346 4262 Utrum
1366 4190 1494 4278 jurati

315 4293 480 4359 testari
502 4293 676 4377 possint
699 4314 773 4378 per
794 4296 980 4364 litteras
1004 4302 1129 4366 extra
1151 4298 1389 4386 judicium.)
