3275 5009
264 287 299 338 46
781 280 946 336 Sententiae

263 491 421 559 advocati
453 491 508 557 vel
539 490 609 572 ejus
641 490 821 576 J'urameuti
857 492 953 574 parti,
987 509 1048 572 pro
1080 509 1146 571 qua
1169 507 1236 555 non
1268 487 1458 569 advocabit,

265 597 392 664 nullum
415 595 655 682 praejudicium
678 595 864 678 generabit.

368 717 418 782 59.
442 727 472 782 et
494 719 547 780 60.
574 716 658 803 (Pr.)
690 717 740 780 De
768 717 935 780 advocatie
966 725 996 778 et
1023 715 1249 801 rejectioaibne
1280 714 1459 778 eorundem.

263 821 415 905 Quilibet
439 827 550 904 potest
573 823 677 888 verba
699 822 857 889 advocati
880 822 943 904 sui,
970 821 1026 886 vel
1056 839 1116 903 per
1141 819 1287 904 judicem
1318 821 1462 886 interro·

264 933 365 1012 gatus
389 927 443 993 vel
466 945 528 1008 per
550 944 595 1008 se,
626 923 793 992 affirmare
816 926 872 991 vel
894 943 1030 1009 negare.
1060 923 1134 992 Uno
1165 925 1268 992 etiam
1297 926 1460 992 advocato

263 1030 390 1114 rejecto
407 1030 508 1096 alium
524 1033 638 1112 potest
653 1029 770 1096 statim
785 1047 966 1113 assumere,
981 1029 1119 1096 licentia
1126 1029 1251 1114 jndiois
1268 1030 1460 1096 accedente.

368 1135 563 1202 Advocatus
587 1140 772 1223 suspectus,
796 1135 826 1200 si
849 1151 929 1216 pars
953 1133 1047 1216 petit,
1071 1152 1138 1200 non
1161 1138 1214 1200 est
1233 1133 1459 1199 admittendus

264 1241 443 1306 advocare.

368 1341 404 1410 si
427 1344 612 1410 advocatus
636 1341 723 1424 petit
746 1343 787 1407 de
811 1341 1033 1409 advocatione
1053 1341 1254 1424 supportari,
1266 1340 1370 1423 judex
1387 1359 1459 1406 eum

261 1449 306 1514 ad
337 1447 399 1512 hoc
429 1464 494 1512 non
526 1447 711 1529 compellet,
741 1451 776 1514 et
806 1448 874 1513 ista
904 1446 1115 1514 renunciatio
1145 1445 1303 1512 advocati
1335 1444 1460 1510 nullum

262 1552 501 1634 praejudicium
526 1550 626 1634 parti,
649 1557 767 1618 eontra
791 1569 888 1632 quam
911 1551 966 1633 sit,
988 1550 1176 1634 generabit.

368 1689 418 1753 Do
430 1688 608 1752 obtentione
620 1690 779 1756 advocati.
798 1689 1077 1756 Sententiaudunu
1090 1692 1143 1755 est
1154 1688 1189 1754 in
1202 1688 1313 1754 causis
1325 1688 1460 1768 quibus-

262 1795 501 1876 cumque,quod
510 1793 539 1860 si
548 1795 715 1860 duoununr
723 1796 921 1870 advocatum
931 1791 1194 1875 petierint,prior
1202 1810 1276 1858 eum
1285 1792 1459 1859 obtinebit.

366 1897 461 1980 Quod
485 1897 515 1964 si
537 1899 721 1965 advocatus
744 1903 823 1964 ante
847 1899 961 1963 horam
986 1897 1169 1964 contestati
1187 1895 1307 1980 judicii
1329 1897 1371 1961 ab
1393 1913 1459 1961 una

262 2003 405 2083 partium
422 2001 531 2083 pretio
548 2003 730 2069 conductus
746 2001 859 2085 fuerit,
874 2021 940 2070 uon
956 2003 1114 2068 obstante
1131 1999 1295 2083 petitione
1307 1999 1459 2081 alterius,

263 2104 452 2172 advocabit.

367 2208 406 2273 In
431 2209 518 2274 omni
542 2227 620 2275 casu
639 2210 742 2293 judex
765 2211 867 2276 debet
889 2208 1014 2292 videre,
1037 2228 1079 2276 ne
1102 2226 1164 2291 per
1186 2212 1342 2291 potentes
1363 2206 1459 2287 copia

261 2313 500 2379 advocatorum
517 2313 717 2395 pauperibus
741 2314 970 2398 subtrahatur,
992 2314 1056 2380 imo
1078 2315 1180 2380 debet
1202 2331 1244 2379 ex
1266 2311 1375 2379 officio
1398 2329 1458 2377 suo

262 2433 327 2482 non
350 2415 553 2482 habentibus
576 2419 760 2485 advocatos
783 2418 967 2502 assignare.

366 2556 418 2620 61.
436 2555 484 2620 De
496 2554 644 2620 absentia
655 2558 818 2624 advocati.
836 2557 873 2624 Si
885 2559 949 2625 duo
961 2558 1118 2624 advocati
1131 2559 1253 2644 debent
1266 2574 1458 2638 comparere

261 2664 297 2726 ot
319 2662 494 2742 advocare,
518 2666 553 2725 et
576 2677 661 2726 unus
685 2678 797 2728 eorum
821 2667 875 2728 est
897 2665 1019 2728 absens
1042 2679 1145 2727 causa
1167 2678 1208 2727 ex
1231 2678 1458 2741 quacumque:

259 2767 340 2830 tunc
359 2766 403 2831 ad
425 2763 620 2847 petitionem
642 2763 783 2834 alterius
808 2766 913 2849 partis
938 2772 991 2832 est
1014 2766 1176 2832 terminus
1198 2764 1457 2848 prolongandas.

363 2904 414 2965 62.
447 2903 498 2966 Dc
527 2905 694 2987 negatione
723 2906 961 2970 aduocatorum.
993 2905 1065 2973 Reo
1095 2909 1233 2988 propter
1262 2905 1334 2988 hoo,
1367 2904 1456 2984 quod

257 3006 430 3088 impetitur
445 3012 611 3088 tamquam
627 3009 853 3087 mortificator,
869 3020 1005 3076 nonest
1020 3012 1206 3077 advocatus
1226 3010 1453 3093 denegandus.

226 3165 231 3174 ·
363 3144 415 3210 63.
437 3143 488 3206 De
510 3143 637 3206 talario
660 3145 899 3210 aduocatorum.
929 3147 1094 3214 Salarium
1126 3152 1159 3213 el
1187 3148 1457 3231 01011010οᾱ00-

260 3250 417 3330 catorum,
455 3247 653 3330 scriptorum
691 3255 727 3314 et
763 3250 901 3316 aliorum
939 3250 1129 3319 officialium
1164 3256 1242 3319 sunt
1275 3252 1458 3319 secundum

254 3349 443 3432 juratorum
467 3351 706 3419 conscientiam
724 3355 936 3420 moderanda.

367 3482 417 3547 64.
430 3481 480 3544 De
493 3483 679 3567 coadjutore
693 3483 852 3550 aduocati.
866 3483 902 3550 Si
914 3503 994 3566 pars
1006 3485 1102 3569 petit,
1113 3504 1180 3552 nou
1191 3486 1459 3552 obstanteadvo·

259 3591 345 3670 cato,
358 3586 462 3652 etiarn
475 3590 682 3670 cooperator,
695 3586 751 3668 qui
765 3587 855 3671 vulg.
867 3587 990 3655 dicitur
1006 3592 1175 3673 steven,
1187 3589 1251 3657 sibi
1261 3589 1336 3656 dari
1347 3591 1461 3656 debet.

363 3727 414 3792 65.
448 3723 563 3788 Utrum
585 3747 670 3809 part
695 3724 815 3809 plotae
846 3727 1018 3791 advocatae
1049 3725 1166 3793 labara
1188 3737 1309 3812 pateat.
1340 3727 1458 3796 Plures

260 3829 441 3897 advocatos
465 3845 633 3910 unapars
656 3834 770 3911 potest
795 3829 985 3915 convenire,
1016 3833 1189 3899 dummodo
1216 3832 1280 3898 hoc
1305 3833 1457 3914 captiose

258 3945 326 3997 non
348 3931 415 4015 fiat,
438 3932 488 3998 ita
511 3951 565 4016 so,
589 3935 677 4013 quod
700 3933 810 4000 altera
834 3952 912 4016 pars
936 3936 1101 4004 advocato
1124 3936 1286 4019 privetur.

363 4071 413 4132 66.
440 4069 1008 4155 [101000000000101100009000100.
1044 4073 1252 4141 Diffinitione
1282 4075 1456 4159 sollempni

259 4171 384 4239 dicitur
412 4172 448 4238 in
476 4173 618 4256 legibue,
648 4177 736 4254 quoa
766 4174 943 4242 manifesto
973 4177 1121 4245 malefico
1151 4180 1345 4262 advocatus,
1376 4179 1457 4248 licet

257 4274 441 4343 instantius
467 4295 540 4342 eurn
564 4281 669 4361 petat,
693 4282 747 4344 est
770 4280 996 4363 denegandus.
