3275 5009
271 332 323 384 170
787 327 953 382 Sententiae

268 557 331 604 nec
354 537 455 605 etiam
476 536 601 620 favore,
624 537 708 621 odio,
730 535 860 620 timore,
882 536 937 604 vei
954 534 1188 618 expectatione
1204 535 1343 618 praemii
1362 537 1466 601 debet

268 659 367 708 unam
400 646 531 724 partem
565 639 665 707 alteri
698 639 892 723 praefecere
926 658 986 706 sen
1020 658 1244 722 praeponere3
1275 657 1338 706 neo
1361 639 1461 705 etiam

269 755 410 825 quaerat
433 747 632 812 sententiam
657 749 699 813 ab
722 747 778 812 iilo
798 745 923 828 jurato,
945 763 1042 824 quem
1064 745 1198 812 noverit
1219 743 1310 825 parti
1323 743 1382 826 illi,
1400 761 1462 826 pro

270 853 334 930 qua
361 851 535 929 quaeritur
557 851 736 926 sententia,
759 850 865 934 magis
887 848 1014 932 favere,
1037 866 1084 925 eo,
1107 851 1194 929 quod
1216 848 1389 931 injudicio
1408 853 1466 913 est

269 956 373 1020 omnis
397 953 541 1035 suspicio
565 957 800 1021 submovenda.
832 955 887 1021 Ad
909 955 1183 1020 consentiendum
1206 953 1309 1020 etiam
1330 952 1458 1018 insen·

268 1059 408 1124 tentiam
430 1062 499 1124 tam
522 1057 818 1141 interlocutoriam,
841 1075 939 1138 quam
962 1056 1175 1122 diffinitivam
1204 1075 1303 1121 unam
1330 1059 1458 1138 partem

268 1180 349 1244 prae
373 1161 528 1228 alienon
557 1167 665 1246 cogat
697 1163 848 1229 'Ponetur
877 1161 1014 1242 insuper
1041 1163 1145 1245 judex
1175 1162 1357 1227 secundum
1386 1177 1465 1240 pror

267 1267 465 1349 positionem
487 1267 633 1348 partium
653 1269 693 1332 de
710 1266 889 1332 sententiis
905 1283 1067 1345 quaerere
1082 1266 1257 1346 ejuratis3
1280 1269 1315 1330 et
1330 1281 1464 1345 semper

268 1377 410 1452 quaerat
432 1373 523 1437 inter
545 1374 628 1437 duas
652 1372 848 1453 sententiaa,
873 1373 961 1450 quod
986 1369 1073 1454 juris
1104 1368 1158 1434 sit.
1189 1369 1264 1435 Nisi
1291 1374 1373 1434 tunc
1394 1383 1462 1432 una

269 1493 345 1557 pars
369 1475 452 1541 nolit
474 1481 534 1542 aut
555 1475 705 1558 negligat
729 1477 929 1542 sententiam
960 1493 1021 1556 per
1051 1493 1087 1540 se
1121 1474 1309 1553 inquirere;
1338 1474 1461 1538 extunc

264 1579 368 1660 judex
391 1580 592 1646 sententiam
615 1583 658 1644 ad
681 1580 934 1660 requisitionem
961 1579 1060 1645 unius
1090 1579 1198 1660 partis
1228 1576 1384 1658 inquirat.
1413 1573 1459 1640 Et

269 1683 360 1749 circa
393 1683 482 1749 hunc
516 1687 674 1766 punctum
710 1686 835 1750 debent
861 1681 968 1766 jurati
1001 1683 1087 1748 hanc
1120 1683 1284 1748 cautelam
1317 1697 1468 1760 servare,

269 1789 362 1866 quod
386 1805 447 1853 nec
475 1793 573 1853 extra
599 1786 735 1872 judicia,
766 1806 828 1852 nec
858 1787 893 1852 in
920 1786 1056 1871 judiciis
1085 1787 1230 1866 aliquam
1260 1784 1460 1852 sententiam

269 1909 479 1973 communem,
504 1898 620 1957 contra
647 1910 744 1972 quam
777 1911 854 1973 pars
885 1893 1030 1958 adversa
1060 1893 1202 1958 nondum
1232 1891 1350 1957 audita
1379 1887 1463 1954 nihil

269 1995 384 2078 objicit
414 1995 468 2060 vel
499 1995 634 2079 allegat,
669 1995 843 2076 proferant
876 2003 912 2062 et
946 1997 1162 2078 pronuntient
1195 2010 1323 2076 quoque
1358 1994 1467 2060 modo,

269 2097 323 2164 Ex
344 2098 468 2163 talibus
493 2099 580 2165 enim
602 2099 780 2166 sententiis
804 2099 988 2183 ingemere
1011 2098 1151 2182 prolatis
1175 2099 1369 2182 saepissime
1389 2115 1461 2165 cum

269 2204 312 2269 ad
335 2203 479 2283 speciem
502 2203 725 2286 descenditur,
749 2204 804 2270 vel
827 2203 971 2270 maxima
993 2202 1175 2269 difficultas
1203 2209 1387 2288 generatur
1408 2201 1468 2270 vet

270 2307 407 2394 evidens
424 2307 643 2374 contradictio
659 2308 911 2390 multiplicatur.
936 2307 1085 2392 Quaerat
1100 2307 1203 2374 etiam
1215 2310 1319 2392 judex
1335 2308 1376 2372 de
1389 2323 1460 2371 sen·

267 2411 385 2492 tentia,
396 2410 479 2476 nihii
492 2412 625 2491 penitus
639 2413 812 2478 minuendo
830 2411 884 2480 vel
899 2413 1067 2490 addendo;
1084 2430 1158 2477 nam
1173 2412 1278 2495 judex
1293 2409 1464 2477 defectum

268 2515 422 2596 supplere
445 2534 510 2581 non
534 2517 647 2597 debet;
680 2517 739 2581 sed
763 2514 894 2596 siquid
917 2521 1032 2598 partes
1055 2515 1111 2581 vel
1134 2513 1289 2582 advocati
1313 2513 1457 2595 partium

269 2619 310 2684 de
328 2619 405 2703 jure
429 2619 641 2702 ommiserint,
664 2619 746 2685 iliud
769 2619 924 2701 supplere
948 2624 1072 2703 potest,
1087 2619 1123 2684 in
1139 2619 1191 2684 his
1208 2624 1244 2684 et
1258 2618 1293 2684 in
1310 2617 1467 2684 omnibus

267 2723 343 2789 aliis
356 2722 443 2805 juris
459 2725 648 2806 praeceptis
665 2725 888 2808 adjustitiam
902 2711 1116 2808 litigantibus
1132 2721 1321 2790 faciendam
1337 2727 1465 2789 motum.

268 2829 320 2894 sui
343 2829 445 2894 animi
466 2828 668 2894 inclinando.

371 2969 445 3034 407.
468 2967 519 3030 De
542 2967 652 3050 officio
673 2967 803 3053 judicie
834 2977 988 3051 quantum
1010 2967 1055 3030 ad
1075 2975 1198 3050 partes.
1225 2967 1338 3032 Judex
1362 2965 1467 3032 etiamn

267 3077 406 3138 tenetur
428 3072 614 3139 sententias
638 3093 659 3140 a
678 3072 802 3157 juratis
826 3073 975 3154 prolatas
998 3072 1119 3151 exequi
1140 3076 1348 3152 reverenter,
1368 3076 1417 3153 ut,
1431 3069 1468 3135 si.

269 3177 459 3242 accusatori
491 3195 546 3243 res
577 3177 751 3243 immobiiis
782 3175 885 3242 fuerit
915 3177 1116 3260 adjudicata,
1146 3177 1253 3257 ipsum
1282 3175 1397 3241 mittat
1427 3175 1460 3240 in

270 3280 512 3362 possessionem
536 3281 586 3347 rei
608 3282 766 3363 ejusdem,
788 3283 824 3347 in
847 3284 888 3346 ea
909 3281 1017 3362 ipsum
1034 3280 1180 3346 viriliter
1201 3280 1443 3346 manutenendo
1454 3301 1469 3357 ;.

271 3384 436 3465 quianon
460 3382 584 3451 sufficit
607 3404 701 3465 quem
726 3385 861 3450 mittere
891 3385 926 3450 in
949 3384 1200 3465 possessionem,
1230 3383 1295 3450 nisi
1325 3387 1360 3450 in
1391 3400 1463 3450 eam

269 3489 391 3554 missus
414 3491 557 3554 tueatur.
585 3489 620 3554 Si
644 3505 753 3555 autem
784 3507 840 3555 res
871 3490 917 3553 sit
946 3487 1085 3566 mobilis,
1115 3489 1220 3570 ipsam
1252 3489 1361 3554 actori
1390 3506 1465 3554 curn

270 3591 391 3658 effectu
414 3592 599 3674 praecipiat
623 3593 841 3674 praesentari.
864 3591 931 3659 Sed
952 3593 982 3657 si
1004 3611 1083 3658 reus
1106 3612 1127 3657 a
1150 3593 1315 3674 petitione
1338 3591 1469 3658 actoris

269 3695 372 3762 fuerit
394 3715 455 3779 per
479 3697 678 3762 senteutiam
710 3699 899 3763 absolutus:
933 3701 1056 3762 extunc
1079 3698 1187 3778 ipsum
1207 3697 1311 3780 judex
1334 3695 1369 3761 in
1386 3696 1469 3778 jure

270 3818 330 3866 suo
361 3801 515 3865 similiter
546 3806 692 3883 tueatur,
726 3801 834 3868 actori
865 3815 967 3882 super
998 3819 1036 3866 eo
1068 3809 1264 3883 perpetuum
1295 3800 1471 3867 silentium

269 3905 473 3986 imponendo.
488 3905 583 3988 Item,
600 3906 749 3985 quamvis
765 3907 866 3988 judex
881 3906 923 3971 de
940 3909 1129 3972 exercenda
1141 3905 1277 3988 Justitia
1291 3905 1476 3988 jnraverit,

269 4014 382 4076 tamen
405 4009 510 4073 solum
532 4012 574 4075 de
590 4009 814 4089 querimoniae
835 4009 1021 4094 prioritate,
1038 4015 1073 4074 et
1089 4012 1130 4075 de
1146 4009 1245 4076 nullis
1260 4009 1337 4077 aliis
1354 4008 1471 4076 causis

269 4114 498 4179 testimonium
531 4113 620 4180 ferre
655 4119 783 4196 potest3
820 4114 883 4178 hoc
917 4113 1004 4179 enim
1037 4118 1171 4194 spectat
1204 4117 1248 4180 ad
1277 4116 1464 4199 juratorum

270 4217 422 4284 officium.
454 4220 539 4284 Item
570 4219 672 4302 judex
700 4224 831 4300 caveat,
860 4235 902 4283 ne
933 4220 1060 4300 captivi
1092 4220 1128 4284 in
1161 4218 1258 4300 cippo
1291 4221 1393 4285 rebus
1426 4221 1464 4282 et

270 4322 423 4388 vestibus
446 4322 640 4404 spolientur.
663 4323 757 4405 Item,
774 4322 879 4402 judex
894 4325 996 4388 debet
1010 4323 1186 4404 providere
1202 4324 1364 4407 partibus,
1380 4337 1469 4403 quae
