3275 5009
448 385 520 439 70
1479 382 1808 437 Sententiae

610 594 805 659 ·110.
872 593 1059 667 Quod
1118 592 1282 655 bona
1343 594 1443 655 roi
1492 602 1778 677 possunt
1837 594 2165 657 arrestari
2218 596 2390 657 sicut
2447 616 2617 659 reus.
2687 596 2851 662 Cum

455 699 713 764 cuidam
762 697 1093 765 Brunensi
1133 696 1267 765 civi
1320 716 1625 765 annonae
1656 717 1819 766 suae
1850 703 2076 766 essent
2108 698 2178 765 in
2210 698 2556 766 Wischaw
2582 700 2847 767 ratione

453 802 826 871 debitorum
858 807 1246 885 occupatae,
1282 821 1427 870 sen
1449 805 1677 870 tenti
1699 810 1921 870 atum
1966 802 2053 869 fu
2074 804 2175 871 it:
2225 804 2420 889 Quod
2449 804 2625 871 sicut
2657 810 2849 871 actor

455 912 686 992 potest
728 924 912 973 reum
956 906 1028 972 in
1071 906 1250 974 omni
1288 907 1557 991 judicio,
1602 907 1675 974 in
1719 927 1847 990 quo
1893 909 2112 990 ipsum
2158 907 2609 990 personaliter
2659 925 2843 989 repe·

456 1012 691 1096 ruerit,
734 1030 855 1094 pro
903 1011 1149 1079 debitis
1195 1016 1558 1098 arrestare,
1602 1012 1704 1080 sic
1751 1012 1955 1080 etiam
2000 1017 2228 1094 potest
2273 1029 2383 1079 res
2449 1012 2592 1094 ejus
2655 1030 2848 1099 occu-

457 1133 641 1200 pare,
686 1122 756 1183 et
805 1118 892 1184 ad
942 1115 1105 1183 illud
1126 1115 1451 1201 judicium
1485 1118 1689 1184 debet
1719 1134 1872 1183 reus
1905 1116 2139 1183 venire
2171 1122 2242 1183 et
2271 1133 2383 1183 res
2415 1116 2847 1199 disbrigando

458 1222 708 1289 actoris
754 1220 1180 1301 querimoniis
1225 1222 1655 1302 respondere.

667 1361 813 1422 111.
862 1358 940 1421 In
983 1380 1105 1442 quo
1151 1381 1308 1422 casu
1338 1361 1563 1443 poscit
1608 1359 1937 1422 arrestari
1977 1378 2291 1421 non-rcus
2317 1377 2451 1442 pro
2482 1376 2611 1424 ree.
2655 1358 2852 1425 Licet

461 1470 654 1532 actor
696 1464 910 1529 forum
941 1463 1040 1529 rei
1073 1467 1409 1545 sequatur,
1441 1468 1668 1529 tamen
1698 1480 1820 1544 pro
1842 1461 2116 1545 justitia
2146 1481 2268 1545 per
2298 1466 2591 1529 actorem
2627 1482 2850 1531 coram

460 1569 682 1654 judice
728 1568 829 1634 rei
876 1567 1184 1648 quaesita
1228 1574 1298 1633 et
1342 1568 1471 1634 sibi
1533 1570 1888 1651 denegata,
1931 1566 2230 1633 homines
2279 1567 2572 1651 ejusdem
2615 1568 2853 1652 judicii

463 1673 533 1740 in
601 1672 732 1738 alio
792 1671 1043 1757 judicio
1111 1673 1193 1737 de
1245 1670 1398 1753 jnre
1447 1676 1766 1754 poterunt
1807 1671 2153 1738 arrestari.
2202 1671 2599 1756 (Residuum
2658 1672 2854 1739 istius

462 1776 787 1845 materiae
832 1793 1077 1856 quaere
1122 1774 1300 1842 infra
1348 1776 1493 1859 „De
1539 1775 2008 1858 interdictis“.)

670 1917 818 1981 112.
864 1913 942 1976 In
988 1935 1109 1997 quo
1155 1936 1310 1977 casu
1357 1935 1554 1999 equus
1601 1915 1931 1978 arrestari
1979 1935 2104 1976 non
2140 1914 2378 1998 possit.
2445 1914 2681 1995 Equus
2741 1933 2863 1997 per

468 2022 953 2088 teloneatorem
1030 2022 1362 2103 receptus,
1437 2020 1618 2102 apud
1695 2036 2172 2099 quemcumque
2245 2023 2484 2101 postea
2552 2024 2862 2101 repertus

467 2126 692 2208 fuerit,
767 2124 1095 2191 arrestari
1168 2141 1299 2188 non
1366 2127 1625 2206 potest;
1701 2123 1814 2190 ille
1888 2126 2131 2205 autem,
2199 2121 2310 2202 qui
2375 2122 2859 2207 negligentiam

470 2228 818 2311 commisit,
878 2246 1002 2309 per
1047 2231 1340 2295 actorem
1389 2246 1506 2310 pro
1553 2245 1724 2309 equo
1771 2228 1840 2293 in
1886 2245 2155 2293 causam
2217 2225 2401 2292 trahi
2461 2231 2707 2308 potest.
2765 2228 2860 2294 Et

469 2339 574 2402 est
619 2332 1128 2415 intelligendum
1177 2335 1259 2399 de
1306 2350 1473 2413 equo
1514 2331 1651 2415 Jam
1699 2350 1820 2412 per
1864 2332 2342 2398 teloneatorem
2393 2331 2684 2397 vendito.

676 2476 824 2543 113.
872 2472 1057 2561 (ΒΨ.)
1108 2472 1204 2537 Dc
1248 2472 1792 2537 arrestationibua
1839 2480 2146 2557 quantum
2195 2472 2286 2540 ad
2311 2471 2610 2558 formam
2656 2473 2725 2535 in
2763 2473 2858 2535 οἱ*

474 2578 876 2643 servandam.
910 2578 1068 2644 Cum
1100 2578 1169 2643 in
1199 2578 1504 2645 Bzenecz
1535 2578 1704 2645 civis
1736 2576 2001 2659 quidam
2031 2594 2292 2661 equum,
2323 2576 2438 2658 qui
2462 2596 2585 2660 per
2605 2595 2858 2644 merca·

474 2690 690 2761 torem
717 2681 785 2747 in
819 2683 1080 2748 domum
1105 2700 1291 2748 suam
1316 2684 1558 2748 ductus
1581 2682 1820 2765 fuerat,
1851 2686 2279 2762 arrestasset‚
2313 2687 2383 2749 et
2403 2682 2621 2766 jurati
2649 2686 2860 2747 testa-

474 2795 726 2867 rentur,
772 2786 947 2867 quod
983 2785 1161 2851 idem
1198 2802 1406 2866 equus
1439 2804 1560 2868 per
1588 2787 1845 2852 modum
1879 2786 2076 2867 spolii
2106 2786 2322 2853 noctis
2354 2791 2655 2866 tempore
2687 2784 2864 2852 infra

476 2892 765 2976 spatium
811 2892 1084 2956 duorum
1129 2890 1447 2978 mensium
1496 2908 1571 2955 eo
1620 2890 1703 2955 de
1748 2890 1975 2956 Bruna
2021 2889 2089 2955 in
2132 2891 2432 2956 Bzenecz
2464 2893 2872 2957 transeunte

476 2997 606 3064 sibi
628 2989 948 3076 ‘receptus
978 2993 1202 3076 fuerit,
1223 2992 1437 3075 jurati
1467 3012 1627 3060 vero
1661 2995 1743 3058 de
1776 2994 1996 3060 Broda
2028 2993 2419 3077 Ungaricali
2451 3012 2596 3059 cum
2635 2998 2863 3074 paten-

477 3102 658 3168 tibus
692 3117 913 3165 eorum
943 3098 1162 3163 literis
1196 3116 1313 3179 pro
1345 3104 1734 3179 mercatore,
1766 3098 2059 3179 ipsorum
2092 3098 2386 3177 concive,
2409 3097 2863 3164 testimonium

480 3206 798 3286 dicerent,
861 3204 1035 3283 quod
1098 3202 1349 3268 dictum
1408 3220 1646 3283 equum
1709 3220 1829 3283 per
1887 3207 2030 3268 tres
2089 3219 2297 3267 annos
2360 3202 2504 3268 sine
2563 3202 2867 3281 qualibet

480 3308 897 3389 impetitione
943 3307 1323 3372 habuisset:
1372 3307 1746 3389 quaesitum
1794 3312 1913 3383 est,
1944 3312 2166 3371 utrum
2198 3306 2653 3372 testimonium
2679 3306 2865 3389 jura-

479 3418 695 3479 torum
746 3412 827 3477 de
872 3409 1156 3475 Bisencz
1206 3413 1450 3478 debeat
1495 3411 1711 3476 literis
1759 3411 2143 3492 patentibus
2185 3410 2559 3493 juratorum
2622 3412 2704 3475 de
2752 3408 2864 3476 Br.

482 3516 654 3600 Ung.
699 3512 1041 3596 anteferri,
1091 3515 1194 3580 vel
1228 3533 1265 3580 e
1298 3514 1670 3581 converso?
1704 3551 1784 3561 —-
1818 3514 2033 3594 Super
2065 3533 2194 3593 quo
2227 3513 2867 3579 sententiatum

483 3625 591 3686 est
638 3618 1023 3684 diffinitive:
1080 3619 1287 3702 Quod,
1335 3618 1489 3698 quia
1536 3617 1883 3699 praedicta
1929 3617 2234 3698 quaestio
2283 3623 2521 3683 contra
2567 3616 2865 3682 debitam

487 3729 557 3792 et
603 3727 991 3788 consuetam
1034 3721 1308 3787 formam
1355 3722 1822 3788 arrestationis
1867 3728 2124 3806 peccat,
2170 3722 2318 3787 ideo
2365 3720 2514 3802 ipsa
2554 3726 2868 3787 cessante

486 3835 867 3894 arrestatus
913 3843 1099 3890 suum
1146 3827 1559 3893 venditorem
1607 3829 1720 3893 vel
1764 3830 2082 3905 datorem,
2131 3827 2242 3906 qui
2275 3825 2453 3909 vulg.
2486 3825 2868 3909 geschob

487 3931 753 4011 dicitur,
800 3934 1101 3995 statuere
1148 3931 1385 4010 debet3
1431 3930 1526 3995 ita
1574 3934 1746 4011 quod
1785 3932 1852 3996 in
1883 3932 2176 4013 eJusdem
2212 3931 2363 4010 equi
2399 3928 2873 4010 arrestatione,

489 4039 687 4117 prout
734 4032 1084 4098 consuevit
1130 4033 1294 4117 fieri,
1339 4035 1550 4100 torma
1592 4042 1660 4100 et
1690 4037 1916 4101 modus
1948 4035 2216 4100 debitus
2249 4034 2504 4100 ordinis
2528 4032 2874 4117 judiciarii

491 4142 949 4205 observentur.

702 4241 794 4305 Et
840 4246 1016 4324 nota,
1062 4244 1231 4321 quod
1294 4242 1358 4306 in
1425 4242 1727 4307 omnibus
1786 4244 2002 4323 rebuS‚
2064 4242 2240 4307 sicut
2287 4242 2355 4306 in
2405 4241 2610 4322 equis,
2662 4239 2880 4306 forma

492 4344 853 4410 consimilis
903 4345 1285 4410 arrestandi
1334 4350 1440 4411 est
1487 4348 1836 4412 servanda.
