<?xml version="1.0" encoding="UTF-8"?>
<!DOCTYPE html PUBLIC "-//W3C//DTD XHTML 1.0 Transitional//EN"
    "http://www.w3.org/TR/xhtml1/DTD/xhtml1-transitional.dtd">
<html xmlns="http://www.w3.org/1999/xhtml" xml:lang="en" lang="en">
 <head>
  <title>
</title>
<meta http-equiv="Content-Type" content="text/html;charset=utf-8" />
  <meta name='ocr-system' content='tesseract 3.04.00' />
  <meta name='ocr-capabilities' content='ocr_page ocr_carea ocr_par ocr_line ocrx_word'/>
</head>
<body>
  <div class='ocr_page' id='page_1' title='image "./codexjurisbohem00unkngoog_0044.png"; bbox 0 0 3275 5009; ppageno 0'>
   <div class='ocr_carea' id='block_1_1' title="bbox 236 302 923 384">
    <p class='ocr_par' dir='ltr' id='par_1_1' title="bbox 236 302 923 384">
     <span class='ocr_line' id='line_1_1' title="bbox 236 302 923 384; baseline 0.007 -10"><span class='ocrx_word' id='word_1_1' title='bbox 236 322 275 374; x_wconf 68' lang='grc'><strong>28</strong></span> <span class='ocrx_word' id='word_1_2' title='bbox 321 378 324 381; x_wconf 58' lang='grc'>,</span> <span class='ocrx_word' id='word_1_3' title='bbox 612 302 615 305; x_wconf 31' lang='grc'><strong><em>’</em></strong></span> <span class='ocrx_word' id='word_1_4' title='bbox 756 325 923 384; x_wconf 72' lang='lat' dir='ltr'><strong>¹Sententiae</strong></span> 
     </span>
    </p>
   </div>
   <div class='ocr_carea' id='block_1_2' title="bbox 236 532 1440 1343">
    <p class='ocr_par' dir='ltr' id='par_1_2' title="bbox 236 532 1440 1343">
     <span class='ocr_line' id='line_1_2' title="bbox 239 532 1440 620; baseline 0.004 -23"><span class='ocrx_word' id='word_1_5' title='bbox 239 550 305 599; x_wconf 91' lang='lat' dir='ltr'><strong>sua</strong></span> <span class='ocrx_word' id='word_1_6' title='bbox 327 533 523 612; x_wconf 77' lang='lat' dir='ltr'>quaestione</span> <span class='ocrx_word' id='word_1_7' title='bbox 546 532 696 617; x_wconf 88' lang='lat' dir='ltr'><strong>implicat</strong></span> <span class='ocrx_word' id='word_1_8' title='bbox 719 540 755 603; x_wconf 92' lang='lat' dir='ltr'><strong>et</strong></span> <span class='ocrx_word' id='word_1_9' title='bbox 777 535 948 617; x_wconf 81' lang='lat' dir='ltr'><strong>concedit3</strong></span> <span class='ocrx_word' id='word_1_10' title='bbox 973 554 1076 616; x_wconf 85' lang='lat' dir='ltr'><strong>quare</strong></span> <span class='ocrx_word' id='word_1_11' title='bbox 1099 555 1164 602; x_wconf 93' lang='lat' dir='ltr'><strong>non</strong></span> <span class='ocrx_word' id='word_1_12' title='bbox 1188 541 1329 620; x_wconf 83' lang='lat' dir='ltr'><strong>oportet,</strong></span> <span class='ocrx_word' id='word_1_13' title='bbox 1349 539 1440 617; x_wconf 91' lang='lat' dir='ltr'><strong>quod</strong></span> 
     </span>
     <span class='ocr_line' id='line_1_3' title="bbox 241 638 1439 719; baseline 0.004 -17"><span class='ocrx_word' id='word_1_14' title='bbox 241 654 303 718; x_wconf 86' lang='lat' dir='ltr'><strong>per</strong></span> <span class='ocrx_word' id='word_1_15' title='bbox 325 654 419 702; x_wconf 92' lang='lat' dir='ltr'><strong>reum</strong></span> <span class='ocrx_word' id='word_1_16' title='bbox 442 640 611 719; x_wconf 80' lang='lat' dir='ltr'><strong>probetur.</strong></span> <span class='ocrx_word' id='word_1_17' title='bbox 639 639 710 705; x_wconf 88' lang='lat' dir='ltr'><strong>Nec</strong></span> <span class='ocrx_word' id='word_1_18' title='bbox 732 638 801 705; x_wconf 87' lang='lat' dir='ltr'><strong>ista</strong></span> <span class='ocrx_word' id='word_1_19' title='bbox 824 639 979 707; x_wconf 83' lang='lat' dir='ltr'><strong>diffinitio</strong></span> <span class='ocrx_word' id='word_1_20' title='bbox 1003 642 1231 708; x_wconf 77' lang='lat' dir='ltr'><strong>contrariatur</strong></span> <span class='ocrx_word' id='word_1_21' title='bbox 1252 640 1330 707; x_wconf 84' lang='lat' dir='ltr'><strong>Juri</strong></span> <span class='ocrx_word' id='word_1_22' title='bbox 1352 660 1439 707; x_wconf 89' lang='lat' dir='ltr'><strong>eom·</strong></span> 
     </span>
     <span class='ocr_line' id='line_1_4' title="bbox 236 738 1437 827; baseline 0.004 -21"><span class='ocrx_word' id='word_1_23' title='bbox 236 738 340 823; x_wconf 89' lang='lat' dir='ltr'><strong>muni,</strong></span> <span class='ocrx_word' id='word_1_24' title='bbox 352 758 416 820; x_wconf 92' lang='lat' dir='ltr'><strong>quo</strong></span> <span class='ocrx_word' id='word_1_25' title='bbox 429 741 568 809; x_wconf 88' lang='lat' dir='ltr'><strong>dicitur:</strong></span> <span class='ocrx_word' id='word_1_26' title='bbox 586 745 694 825; x_wconf 87' lang='lat' dir='ltr'><strong>„quod</strong></span> <span class='ocrx_word' id='word_1_27' title='bbox 706 762 785 811; x_wconf 86' lang='lat' dir='ltr'><strong>reus</strong></span> <span class='ocrx_word' id='word_1_28' title='bbox 796 744 908 826; x_wconf 90' lang='lat' dir='ltr'><strong>potius</strong></span> <span class='ocrx_word' id='word_1_29' title='bbox 925 762 962 811; x_wconf 90' lang='lat' dir='ltr'><strong>se</strong></span> <span class='ocrx_word' id='word_1_30' title='bbox 979 750 1013 811; x_wconf 92' lang='lat' dir='ltr'><strong>et</strong></span> <span class='ocrx_word' id='word_1_31' title='bbox 1026 764 1085 813; x_wconf 91' lang='lat' dir='ltr'><strong>sua</strong></span> <span class='ocrx_word' id='word_1_32' title='bbox 1100 744 1206 827; x_wconf 80' lang='lat' dir='ltr'><strong>possit</strong></span> <span class='ocrx_word' id='word_1_33' title='bbox 1219 744 1437 827; x_wconf 86' lang='lat' dir='ltr'><strong>defendere“;</strong></span> 
     </span>
     <span class='ocr_line' id='line_1_5' title="bbox 238 845 1439 931; baseline 0.006 -22"><span class='ocrx_word' id='word_1_34' title='bbox 238 846 303 911; x_wconf 89' lang='lat' dir='ltr'><strong>hoc</strong></span> <span class='ocrx_word' id='word_1_35' title='bbox 327 845 415 912; x_wconf 90' lang='lat' dir='ltr'><strong>enim</strong></span> <span class='ocrx_word' id='word_1_36' title='bbox 438 850 490 912; x_wconf 90' lang='lat' dir='ltr'><strong>est</strong></span> <span class='ocrx_word' id='word_1_37' title='bbox 513 865 638 931; x_wconf 87' lang='lat' dir='ltr'><strong>verum,</strong></span> <span class='ocrx_word' id='word_1_38' title='bbox 661 866 759 929; x_wconf 92' lang='lat' dir='ltr'><strong>quum</strong></span> <span class='ocrx_word' id='word_1_39' title='bbox 783 854 878 916; x_wconf 90' lang='lat' dir='ltr'><strong>actor</strong></span> <span class='ocrx_word' id='word_1_40' title='bbox 902 856 937 915; x_wconf 92' lang='lat' dir='ltr'><strong>et</strong></span> <span class='ocrx_word' id='word_1_41' title='bbox 951 868 1029 917; x_wconf 88' lang='lat' dir='ltr'><strong>reus</strong></span> <span class='ocrx_word' id='word_1_42' title='bbox 1045 850 1233 930; x_wconf 86' lang='lat' dir='ltr'><strong>aequaliter</strong></span> <span class='ocrx_word' id='word_1_43' title='bbox 1247 868 1307 931; x_wconf 87' lang='lat' dir='ltr'><strong>pro</strong></span> <span class='ocrx_word' id='word_1_44' title='bbox 1323 851 1439 916; x_wconf 93' lang='lat' dir='ltr'><strong>eodem</strong></span> 
     </span>
     <span class='ocr_line' id='line_1_6' title="bbox 241 950 1440 1036; baseline 0.007 -23"><span class='ocrx_word' id='word_1_45' title='bbox 241 953 390 1030; x_wconf 89' lang='lat' dir='ltr'><strong>tempore</strong></span> <span class='ocrx_word' id='word_1_46' title='bbox 414 950 549 1031; x_wconf 80' lang='lat' dir='ltr'><strong>aliquod</strong></span> <span class='ocrx_word' id='word_1_47' title='bbox 571 951 697 1019; x_wconf 83' lang='lat' dir='ltr'><strong>factum</strong></span> <span class='ocrx_word' id='word_1_48' title='bbox 720 953 775 1021; x_wconf 82' lang='lat' dir='ltr'><strong>vel</strong></span> <span class='ocrx_word' id='word_1_49' title='bbox 797 971 864 1020; x_wconf 91' lang='lat' dir='ltr'><strong>non</strong></span> <span class='ocrx_word' id='word_1_50' title='bbox 879 953 1004 1021; x_wconf 87' lang='lat' dir='ltr'><strong>factum</strong></span> <span class='ocrx_word' id='word_1_51' title='bbox 1021 972 1096 1021; x_wconf 91' lang='lat' dir='ltr'><strong>esse</strong></span> <span class='ocrx_word' id='word_1_52' title='bbox 1112 956 1254 1036; x_wconf 91' lang='lat' dir='ltr'><strong>probare</strong></span> <span class='ocrx_word' id='word_1_53' title='bbox 1276 954 1440 1021; x_wconf 86' lang='lat' dir='ltr'><strong>nituntur.</strong></span> 
     </span>
     <span class='ocr_line' id='line_1_7' title="bbox 238 1053 1438 1150; baseline 0.005 -32"><span class='ocrx_word' id='word_1_54' title='bbox 238 1053 340 1119; x_wconf 88' lang='lat' dir='ltr'><strong>Unde</strong></span> <span class='ocrx_word' id='word_1_55' title='bbox 370 1054 471 1121; x_wconf 87' lang='lat' dir='ltr'><strong>etiam</strong></span> <span class='ocrx_word' id='word_1_56' title='bbox 495 1054 525 1121; x_wconf 91' lang='lat' dir='ltr'><strong>si</strong></span> <span class='ocrx_word' id='word_1_57' title='bbox 547 1074 625 1122; x_wconf 92' lang='lat' dir='ltr'><strong>reus</strong></span> <span class='ocrx_word' id='word_1_58' title='bbox 649 1056 834 1142; x_wconf 81' lang='lat' dir='ltr'><strong>obligasset</strong></span> <span class='ocrx_word' id='word_1_59' title='bbox 858 1076 894 1124; x_wconf 88' lang='lat' dir='ltr'><strong>se</strong></span> <span class='ocrx_word' id='word_1_60' title='bbox 917 1058 1209 1150; x_wconf 88' lang='lat' dir='ltr'><strong>adrepellendum</strong></span> <span class='ocrx_word' id='word_1_61' title='bbox 1232 1058 1438 1141; x_wconf 86' lang='lat' dir='ltr'><strong>promissum,</strong></span> 
     </span>
     <span class='ocr_line' id='line_1_8' title="bbox 237 1157 1439 1246; baseline 0.002 -22"><span class='ocrx_word' id='word_1_62' title='bbox 237 1157 330 1236; x_wconf 93' lang='lat' dir='ltr'><strong>quod</strong></span> <span class='ocrx_word' id='word_1_63' title='bbox 345 1162 437 1225; x_wconf 86' lang='lat' dir='ltr'><strong>actor</strong></span> <span class='ocrx_word' id='word_1_64' title='bbox 455 1160 675 1245; x_wconf 80' lang='lat' dir='ltr'><strong>allegaverat,</strong></span> <span class='ocrx_word' id='word_1_65' title='bbox 698 1166 778 1228; x_wconf 90' lang='lat' dir='ltr'><strong>tunc</strong></span> <span class='ocrx_word' id='word_1_66' title='bbox 797 1180 835 1229; x_wconf 90' lang='lat' dir='ltr'><strong>sa</strong></span> <span class='ocrx_word' id='word_1_67' title='bbox 853 1168 886 1229; x_wconf 91' lang='lat' dir='ltr'><strong>et</strong></span> <span class='ocrx_word' id='word_1_68' title='bbox 903 1181 964 1229; x_wconf 90' lang='lat' dir='ltr'><strong>sua</strong></span> <span class='ocrx_word' id='word_1_69' title='bbox 981 1161 1090 1245; x_wconf 86' lang='lat' dir='ltr'><strong>potius</strong></span> <span class='ocrx_word' id='word_1_70' title='bbox 1108 1162 1324 1246; x_wconf 81' lang='lat' dir='ltr'><strong>defendisset,</strong></span> <span class='ocrx_word' id='word_1_71' title='bbox 1340 1180 1439 1242; x_wconf 88' lang='lat' dir='ltr'><strong>quam</strong></span> 
     </span>
     <span class='ocr_line' id='line_1_9' title="bbox 239 1260 726 1343; baseline 0.006 -17"><span class='ocrx_word' id='word_1_72' title='bbox 239 1260 349 1343; x_wconf 87' lang='lat' dir='ltr'><strong>ipsum</strong></span> <span class='ocrx_word' id='word_1_73' title='bbox 371 1266 468 1329; x_wconf 91' lang='lat' dir='ltr'><strong>actor</strong></span> <span class='ocrx_word' id='word_1_74' title='bbox 491 1264 726 1333; x_wconf 88' lang='lat' dir='ltr'><strong>convincisset.</strong></span> 
     </span>
    </p>
   </div>
   <div class='ocr_carea' id='block_1_3' title="bbox 149 1411 1456 2133">
    <p class='ocr_par' dir='ltr' id='par_1_3' title="bbox 149 1411 1456 2133">
     <span class='ocr_line' id='line_1_10' title="bbox 343 1411 1437 1508; baseline 0.004 -27"><span class='ocrx_word' id='word_1_75' title='bbox 343 1419 374 1483; x_wconf 84' lang='lat'><strong>5.</strong></span> <span class='ocrx_word' id='word_1_76' title='bbox 397 1416 491 1492; x_wconf 79' lang='lat' dir='ltr'><strong>Quod</strong></span> <span class='ocrx_word' id='word_1_77' title='bbox 513 1411 604 1485; x_wconf 73' lang='lat' dir='ltr'><strong>actor</strong></span> <span class='ocrx_word' id='word_1_78' title='bbox 626 1425 754 1487; x_wconf 81' lang='lat' dir='ltr'><strong>ei&#39;reue</strong></span> <span class='ocrx_word' id='word_1_79' title='bbox 785 1422 973 1507; x_wconf 79' lang='lat' dir='ltr'><strong>quandoque</strong></span> <span class='ocrx_word' id='word_1_80' title='bbox 996 1444 1017 1485; x_wconf 85' lang='grc' dir='ltr'><em>α</em></span> <span class='ocrx_word' id='word_1_81' title='bbox 1030 1421 1173 1508; x_wconf 78' lang='lat' dir='ltr'><strong>judicio,</strong></span> <span class='ocrx_word' id='word_1_82' title='bbox 1205 1422 1239 1485; x_wconf 86' lang='lat' dir='ltr'><strong>in</strong></span> <span class='ocrx_word' id='word_1_83' title='bbox 1272 1443 1331 1506; x_wconf 80' lang='lat' dir='ltr'><strong>quo</strong></span> <span class='ocrx_word' id='word_1_84' title='bbox 1361 1444 1437 1487; x_wconf 85' lang='lat' dir='ltr'><strong>con-</strong></span> 
     </span>
     <span class='ocr_line' id='line_1_11' title="bbox 149 1522 1439 1613; baseline 0.009 -32"><span class='ocrx_word' id='word_1_85' title='bbox 149 1522 153 1529; x_wconf 83' lang='lat'>&#39;</span> <span class='ocrx_word' id='word_1_86' title='bbox 241 1522 387 1603; x_wconf 78' lang='lat' dir='ltr'><strong>ten-doni,</strong></span> <span class='ocrx_word' id='word_1_87' title='bbox 415 1524 652 1609; x_wconf 80' lang='lat' dir='ltr'><strong>adjudicium,</strong></span> <span class='ocrx_word' id='word_1_88' title='bbox 689 1528 726 1589; x_wconf 81' lang='lat' dir='ltr'><strong>in</strong></span> <span class='ocrx_word' id='word_1_89' title='bbox 757 1548 817 1613; x_wconf 78' lang='lat' dir='ltr'><strong>quo</strong></span> <span class='ocrx_word' id='word_1_90' title='bbox 853 1536 1093 1605; x_wconf 66' lang='lat' dir='ltr'><strong>concrescerent,</strong></span> <span class='ocrx_word' id='word_1_91' title='bbox 1131 1534 1206 1587; x_wconf 81' lang='lat' dir='ltr'><strong>euni</strong></span> <span class='ocrx_word' id='word_1_92' title='bbox 1242 1527 1439 1594; x_wconf 72' lang='lat' dir='ltr'><strong>remittendi.</strong></span> 
     </span>
     <span class='ocr_line' id='line_1_12' title="bbox 238 1625 1438 1715; baseline 0.005 -24"><span class='ocrx_word' id='word_1_93' title='bbox 238 1625 295 1691; x_wconf 83' lang='lat' dir='ltr'><strong>Ex</strong></span> <span class='ocrx_word' id='word_1_94' title='bbox 328 1646 393 1707; x_wconf 92' lang='lat' dir='ltr'><strong>quo</strong></span> <span class='ocrx_word' id='word_1_95' title='bbox 426 1634 523 1703; x_wconf 90' lang='lat' dir='ltr'><strong>actor</strong></span> <span class='ocrx_word' id='word_1_96' title='bbox 556 1632 597 1710; x_wconf 91' lang='lat' dir='ltr'><strong>de</strong></span> <span class='ocrx_word' id='word_1_97' title='bbox 630 1630 756 1698; x_wconf 87' lang='lat' dir='ltr'><strong>litteris</strong></span> <span class='ocrx_word' id='word_1_98' title='bbox 791 1629 847 1697; x_wconf 85' lang='lat' dir='ltr'><strong>vel</strong></span> <span class='ocrx_word' id='word_1_99' title='bbox 877 1630 1128 1715; x_wconf 86' lang='lat' dir='ltr'><strong>fidejussoribus</strong></span> <span class='ocrx_word' id='word_1_100' title='bbox 1159 1630 1214 1697; x_wconf 87' lang='lat' dir='ltr'><strong>vel</strong></span> <span class='ocrx_word' id='word_1_101' title='bbox 1244 1632 1356 1697; x_wconf 83' lang='lat' dir='ltr'><strong>uerbis</strong></span> <span class='ocrx_word' id='word_1_102' title='bbox 1383 1632 1438 1697; x_wconf 89' lang='lat' dir='ltr'><strong>rei</strong></span> 
     </span>
     <span class='ocr_line' id='line_1_13' title="bbox 238 1728 1456 1823; baseline 0.006 -28"><span class='ocrx_word' id='word_1_103' title='bbox 238 1731 429 1816; x_wconf 87' lang='lat' dir='ltr'><strong>confitetur,</strong></span> <span class='ocrx_word' id='word_1_104' title='bbox 452 1736 548 1801; x_wconf 90' lang='lat' dir='ltr'><strong>ambo</strong></span> <span class='ocrx_word' id='word_1_105' title='bbox 572 1728 696 1802; x_wconf 88' lang='lat' dir='ltr'><strong>debent</strong></span> <span class='ocrx_word' id='word_1_106' title='bbox 718 1735 753 1801; x_wconf 92' lang='lat' dir='ltr'><strong>in</strong></span> <span class='ocrx_word' id='word_1_107' title='bbox 775 1730 894 1819; x_wconf 87' lang='lat' dir='ltr'><strong>locum,</strong></span> <span class='ocrx_word' id='word_1_108' title='bbox 917 1734 973 1800; x_wconf 89' lang='lat' dir='ltr'><strong>ubi</strong></span> <span class='ocrx_word' id='word_1_109' title='bbox 991 1739 1186 1801; x_wconf 89' lang='lat' dir='ltr'><strong>contractus</strong></span> <span class='ocrx_word' id='word_1_110' title='bbox 1201 1753 1264 1815; x_wconf 90' lang='lat' dir='ltr'><strong>per</strong></span> <span class='ocrx_word' id='word_1_111' title='bbox 1278 1733 1368 1816; x_wconf 89' lang='lat' dir='ltr'><strong>ipsos</strong></span> <span class='ocrx_word' id='word_1_112' title='bbox 1385 1741 1456 1823; x_wconf 83' lang='lat' dir='ltr'><strong>est</strong></span> 
     </span>
     <span class='ocr_line' id='line_1_14' title="bbox 236 1833 1439 1922; baseline 0.005 -23"><span class='ocrx_word' id='word_1_113' title='bbox 236 1833 360 1919; x_wconf 82' lang='lat' dir='ltr'><strong>factus,</strong></span> <span class='ocrx_word' id='word_1_114' title='bbox 373 1837 511 1916; x_wconf 81' lang='lat' dir='ltr'><strong>remitti.</strong></span> <span class='ocrx_word' id='word_1_115' title='bbox 524 1839 644 1907; x_wconf 89' lang='lat' dir='ltr'><strong>Unde</strong></span> <span class='ocrx_word' id='word_1_116' title='bbox 660 1844 769 1922; x_wconf 90' lang='lat' dir='ltr'><strong>uota,</strong></span> <span class='ocrx_word' id='word_1_117' title='bbox 785 1841 873 1917; x_wconf 93' lang='lat' dir='ltr'><strong>quod</strong></span> <span class='ocrx_word' id='word_1_118' title='bbox 885 1857 951 1906; x_wconf 90' lang='lat' dir='ltr'><strong>non</strong></span> <span class='ocrx_word' id='word_1_119' title='bbox 962 1844 1106 1922; x_wconf 88' lang='lat' dir='ltr'><strong>oportet,</strong></span> <span class='ocrx_word' id='word_1_120' title='bbox 1117 1840 1205 1919; x_wconf 88' lang='lat' dir='ltr'><strong>quod</strong></span> <span class='ocrx_word' id='word_1_121' title='bbox 1217 1838 1322 1904; x_wconf 87' lang='lat' dir='ltr'><strong>omnis</strong></span> <span class='ocrx_word' id='word_1_122' title='bbox 1335 1856 1439 1905; x_wconf 86' lang='lat' dir='ltr'><strong>causa</strong></span> 
     </span>
     <span class='ocr_line' id='line_1_15' title="bbox 238 1941 1437 2027; baseline 0.003 -23"><span class='ocrx_word' id='word_1_123' title='bbox 238 1941 443 2009; x_wconf 86' lang='lat' dir='ltr'><strong>terminetur</strong></span> <span class='ocrx_word' id='word_1_124' title='bbox 465 1942 500 2010; x_wconf 93' lang='lat' dir='ltr'><strong>in</strong></span> <span class='ocrx_word' id='word_1_125' title='bbox 518 1943 655 2027; x_wconf 90' lang='lat' dir='ltr'><strong>judicio,</strong></span> <span class='ocrx_word' id='word_1_126' title='bbox 670 1943 705 2009; x_wconf 91' lang='lat' dir='ltr'><strong>in</strong></span> <span class='ocrx_word' id='word_1_127' title='bbox 722 1961 786 2024; x_wconf 93' lang='lat' dir='ltr'><strong>quo</strong></span> <span class='ocrx_word' id='word_1_128' title='bbox 802 1942 844 2009; x_wconf 90' lang='lat' dir='ltr'><strong>lis</strong></span> <span class='ocrx_word' id='word_1_129' title='bbox 861 1943 1048 2025; x_wconf 89' lang='lat' dir='ltr'><strong>inchoatur,</strong></span> <span class='ocrx_word' id='word_1_130' title='bbox 1066 1942 1215 2023; x_wconf 84' lang='lat' dir='ltr'><strong>quamvis</strong></span> <span class='ocrx_word' id='word_1_131' title='bbox 1232 1942 1437 2023; x_wconf 87' lang='lat' dir='ltr'><strong>querimonia</strong></span> 
     </span>
     <span class='ocr_line' id='line_1_16' title="bbox 237 2046 1066 2133; baseline 0.006 -24"><span class='ocrx_word' id='word_1_132' title='bbox 237 2050 276 2110; x_wconf 93' lang='lat' dir='ltr'><strong>et</strong></span> <span class='ocrx_word' id='word_1_133' title='bbox 299 2046 472 2128; x_wconf 83' lang='lat' dir='ltr'><strong>responsio</strong></span> <span class='ocrx_word' id='word_1_134' title='bbox 491 2046 618 2133; x_wconf 89' lang='lat' dir='ltr'><strong>judicio</strong></span> <span class='ocrx_word' id='word_1_135' title='bbox 641 2048 715 2115; x_wconf 91' lang='lat' dir='ltr'><strong>fieri</strong></span> <span class='ocrx_word' id='word_1_136' title='bbox 737 2049 862 2115; x_wconf 88' lang='lat' dir='ltr'><strong>debent</strong></span> <span class='ocrx_word' id='word_1_137' title='bbox 885 2046 919 2113; x_wconf 91' lang='lat' dir='ltr'><strong>in</strong></span> <span class='ocrx_word' id='word_1_138' title='bbox 942 2048 1066 2115; x_wconf 91' lang='lat' dir='ltr'><strong>eodem.</strong></span> 
     </span>
    </p>
   </div>
   <div class='ocr_carea' id='block_1_4' title="bbox 173 2202 1439 2705">
    <p class='ocr_par' dir='ltr' id='par_1_4' title="bbox 173 2202 1439 2705">
     <span class='ocr_line' id='line_1_17' title="bbox 344 2202 1439 2288; baseline -0.002 -21"><span class='ocrx_word' id='word_1_139' title='bbox 344 2205 374 2267; x_wconf 88' lang='grc'><strong>6.</strong></span> <span class='ocrx_word' id='word_1_140' title='bbox 397 2204 450 2267; x_wconf 89' lang='lat' dir='ltr'><strong>De</strong></span> <span class='ocrx_word' id='word_1_141' title='bbox 473 2213 588 2283; x_wconf 84' lang='lat' dir='ltr'><strong>actore,</strong></span> <span class='ocrx_word' id='word_1_142' title='bbox 612 2213 764 2288; x_wconf 79' lang='lat' dir='ltr'><strong>quantum</strong></span> <span class='ocrx_word' id='word_1_143' title='bbox 793 2206 838 2268; x_wconf 88' lang='lat' dir='ltr'><strong>ad</strong></span> <span class='ocrx_word' id='word_1_144' title='bbox 868 2214 1001 2287; x_wconf 73' lang='lat' dir='ltr'><strong>tempus,</strong></span> <span class='ocrx_word' id='word_1_145' title='bbox 1033 2204 1161 2287; x_wconf 80' lang='lat' dir='ltr'><strong>quondo</strong></span> <span class='ocrx_word' id='word_1_146' title='bbox 1191 2224 1265 2265; x_wconf 78' lang='lat' dir='ltr'><strong>reue</strong></span> <span class='ocrx_word' id='word_1_147' title='bbox 1296 2202 1439 2267; x_wconf 77' lang='lat' dir='ltr'><strong>declinat</strong></span> 
     </span>
     <span class='ocr_line' id='line_1_18' title="bbox 238 2308 1438 2394; baseline 0.003 -26"><span class='ocrx_word' id='word_1_148' title='bbox 238 2308 487 2391; x_wconf 74' lang='lat' dir='ltr'><strong>responsionem.</strong></span> <span class='ocrx_word' id='word_1_149' title='bbox 520 2309 613 2375; x_wconf 85' lang='lat' dir='ltr'><strong>Reus</strong></span> <span class='ocrx_word' id='word_1_150' title='bbox 643 2309 773 2377; x_wconf 81' lang='lat' dir='ltr'><strong>virtute</strong></span> <span class='ocrx_word' id='word_1_151' title='bbox 795 2308 1033 2394; x_wconf 81' lang='lat' dir='ltr'><strong>allegationum</strong></span> <span class='ocrx_word' id='word_1_152' title='bbox 1057 2326 1190 2375; x_wconf 89' lang='lat' dir='ltr'><strong>suarum</strong></span> <span class='ocrx_word' id='word_1_153' title='bbox 1213 2326 1279 2374; x_wconf 90' lang='lat' dir='ltr'><strong>non</strong></span> <span class='ocrx_word' id='word_1_154' title='bbox 1301 2313 1438 2374; x_wconf 90' lang='lat' dir='ltr'><strong>tenetur</strong></span> 
     </span>
     <span class='ocr_line' id='line_1_19' title="bbox 236 2412 1437 2495; baseline -0.002 -16"><span class='ocrx_word' id='word_1_155' title='bbox 236 2413 366 2479; x_wconf 84' lang='lat' dir='ltr'><strong>actoris</strong></span> <span class='ocrx_word' id='word_1_156' title='bbox 400 2412 625 2491; x_wconf 82' lang='lat' dir='ltr'><strong>querimoniae</strong></span> <span class='ocrx_word' id='word_1_157' title='bbox 654 2416 867 2495; x_wconf 88' lang='lat' dir='ltr'><strong>respondere.</strong></span> <span class='ocrx_word' id='word_1_158' title='bbox 907 2413 1032 2481; x_wconf 83' lang='lat' dir='ltr'><strong>Circa</strong></span> <span class='ocrx_word' id='word_1_159' title='bbox 1059 2414 1167 2493; x_wconf 89' lang='lat' dir='ltr'><strong>quod</strong></span> <span class='ocrx_word' id='word_1_160' title='bbox 1198 2414 1437 2495; x_wconf 90' lang='lat' dir='ltr'><strong>notandum,</strong></span> 
     </span>
     <span class='ocr_line' id='line_1_20' title="bbox 236 2515 1437 2601; baseline 0.001 -19"><span class='ocrx_word' id='word_1_161' title='bbox 236 2519 328 2597; x_wconf 90' lang='lat' dir='ltr'><strong>quod</strong></span> <span class='ocrx_word' id='word_1_162' title='bbox 350 2516 440 2583; x_wconf 91' lang='lat' dir='ltr'><strong>inter</strong></span> <span class='ocrx_word' id='word_1_163' title='bbox 462 2516 681 2601; x_wconf 85' lang='lat' dir='ltr'><strong>allegationes</strong></span> <span class='ocrx_word' id='word_1_164' title='bbox 705 2523 919 2598; x_wconf 89' lang='lat' dir='ltr'><strong>utrarumque</strong></span> <span class='ocrx_word' id='word_1_165' title='bbox 944 2516 1087 2599; x_wconf 89' lang='lat' dir='ltr'><strong>partium</strong></span> <span class='ocrx_word' id='word_1_166' title='bbox 1110 2515 1250 2582; x_wconf 87' lang='lat' dir='ltr'><strong>maxime</strong></span> <span class='ocrx_word' id='word_1_167' title='bbox 1265 2520 1361 2581; x_wconf 84' lang='lat' dir='ltr'><strong>actor</strong></span> <span class='ocrx_word' id='word_1_168' title='bbox 1376 2534 1437 2598; x_wconf 88' lang='lat' dir='ltr'><strong>per</strong></span> 
     </span>
     <span class='ocr_line' id='line_1_21' title="bbox 173 2620 1436 2705; baseline 0.002 -22"><span class='ocrx_word' id='word_1_169' title='bbox 173 2678 175 2683; x_wconf 88' lang='grc'><em>,</em></span> <span class='ocrx_word' id='word_1_170' title='bbox 238 2623 302 2687; x_wconf 93' lang='lat' dir='ltr'><strong>hoc</strong></span> <span class='ocrx_word' id='word_1_171' title='bbox 325 2620 501 2704; x_wconf 87' lang='lat' dir='ltr'><strong>repellitur</strong></span> <span class='ocrx_word' id='word_1_172' title='bbox 522 2624 565 2688; x_wconf 89' lang='lat' dir='ltr'><strong>ab</strong></span> <span class='ocrx_word' id='word_1_173' title='bbox 588 2623 728 2705; x_wconf 90' lang='lat' dir='ltr'><strong>agendo,</strong></span> <span class='ocrx_word' id='word_1_174' title='bbox 751 2623 838 2701; x_wconf 91' lang='lat' dir='ltr'><strong>quod</strong></span> <span class='ocrx_word' id='word_1_175' title='bbox 863 2621 953 2704; x_wconf 91' lang='lat' dir='ltr'><strong>dicit,</strong></span> <span class='ocrx_word' id='word_1_176' title='bbox 987 2639 1024 2687; x_wconf 95' lang='lat' dir='ltr'><strong>se</strong></span> <span class='ocrx_word' id='word_1_177' title='bbox 1050 2620 1175 2687; x_wconf 87' lang='lat' dir='ltr'><strong>habere</strong></span> <span class='ocrx_word' id='word_1_178' title='bbox 1207 2625 1322 2703; x_wconf 85' lang='lat' dir='ltr'><strong>testes,</strong></span> <span class='ocrx_word' id='word_1_179' title='bbox 1354 2639 1436 2700; x_wconf 88' lang='lat' dir='ltr'><strong>quos</strong></span> 
     </span>
    </p>
   </div>
   <div class='ocr_carea' id='block_1_5' title="bbox 128 2723 1434 2811">
    <p class='ocr_par' dir='ltr' id='par_1_5' title="bbox 128 2723 1434 2811">
     <span class='ocr_line' id='line_1_22' title="bbox 128 2723 1434 2811; baseline -0.001 -19"><span class='ocrx_word' id='word_1_180' title='bbox 128 2760 132 2763; x_wconf 91' lang='lat'><strong>·</strong></span> <span class='ocrx_word' id='word_1_181' title='bbox 236 2725 344 2792; x_wconf 87' lang='lat' dir='ltr'><strong>nollet</strong></span> <span class='ocrx_word' id='word_1_182' title='bbox 365 2725 521 2811; x_wconf 83' lang='lat' dir='ltr'><strong>fatigare.</strong></span> <span class='ocrx_word' id='word_1_183' title='bbox 550 2726 614 2793; x_wconf 84' lang='lat' dir='ltr'><strong>Est</strong></span> <span class='ocrx_word' id='word_1_184' title='bbox 637 2726 724 2793; x_wconf 90' lang='lat' dir='ltr'><strong>enim</strong></span> <span class='ocrx_word' id='word_1_185' title='bbox 754 2726 833 2793; x_wconf 88' lang='lat' dir='ltr'><strong>talis</strong></span> <span class='ocrx_word' id='word_1_186' title='bbox 864 2724 1036 2791; x_wconf 87' lang='lat' dir='ltr'><strong>excusatio</strong></span> <span class='ocrx_word' id='word_1_187' title='bbox 1066 2723 1196 2808; x_wconf 85' lang='lat' dir='ltr'><strong>frivola,</strong></span> <span class='ocrx_word' id='word_1_188' title='bbox 1227 2724 1304 2805; x_wconf 87' lang='lat' dir='ltr'><strong>quia</strong></span> <span class='ocrx_word' id='word_1_189' title='bbox 1328 2726 1434 2807; x_wconf 82' lang='lat' dir='ltr'><strong>magis</strong></span> 
     </span>
    </p>
   </div>
   <div class='ocr_carea' id='block_1_6' title="bbox 235 2829 1435 3019">
    <p class='ocr_par' dir='ltr' id='par_1_6' title="bbox 235 2829 1435 3019">
     <span class='ocr_line' id='line_1_23' title="bbox 236 2829 1435 2913; baseline -0.004 -15"><span class='ocrx_word' id='word_1_190' title='bbox 236 2836 293 2898; x_wconf 88' lang='lat' dir='ltr'><strong>est</strong></span> <span class='ocrx_word' id='word_1_191' title='bbox 316 2830 509 2913; x_wconf 87' lang='lat' dir='ltr'><strong>verisimile,</strong></span> <span class='ocrx_word' id='word_1_192' title='bbox 531 2832 618 2911; x_wconf 92' lang='lat' dir='ltr'><strong>quod</strong></span> <span class='ocrx_word' id='word_1_193' title='bbox 640 2836 736 2897; x_wconf 86' lang='lat' dir='ltr'><strong>actor</strong></span> <span class='ocrx_word' id='word_1_194' title='bbox 759 2848 862 2897; x_wconf 88' lang='lat' dir='ltr'><strong>causa</strong></span> <span class='ocrx_word' id='word_1_195' title='bbox 879 2830 1013 2896; x_wconf 89' lang='lat' dir='ltr'><strong>honoris</strong></span> <span class='ocrx_word' id='word_1_196' title='bbox 1030 2829 1156 2911; x_wconf 88' lang='lat' dir='ltr'><strong>proprii</strong></span> <span class='ocrx_word' id='word_1_197' title='bbox 1171 2832 1278 2895; x_wconf 89' lang='lat' dir='ltr'><strong>testes</strong></span> <span class='ocrx_word' id='word_1_198' title='bbox 1296 2833 1435 2913; x_wconf 83' lang='lat' dir='ltr'><strong>statuat,</strong></span> 
     </span>
     <span class='ocr_line' id='line_1_24' title="bbox 235 2934 1329 3019; baseline -0.001 -18"><span class='ocrx_word' id='word_1_199' title='bbox 235 2954 338 3015; x_wconf 90' lang='lat' dir='ltr'><strong>quam</strong></span> <span class='ocrx_word' id='word_1_200' title='bbox 361 2946 420 3003; x_wconf 88' lang='lat' dir='ltr'><strong>eos</strong></span> <span class='ocrx_word' id='word_1_201' title='bbox 441 2934 588 3019; x_wconf 82' lang='lat' dir='ltr'><strong>fatigare</strong></span> <span class='ocrx_word' id='word_1_202' title='bbox 611 2935 737 3013; x_wconf 74' lang='lat' dir='ltr'><strong>nolens</strong></span> <span class='ocrx_word' id='word_1_203' title='bbox 761 2954 835 3001; x_wconf 93' lang='lat' dir='ltr'><strong>cum</strong></span> <span class='ocrx_word' id='word_1_204' title='bbox 858 2936 978 3001; x_wconf 86' lang='lat' dir='ltr'><strong>rubore</strong></span> <span class='ocrx_word' id='word_1_205' title='bbox 1002 2936 1043 3001; x_wconf 87' lang='lat' dir='ltr'><strong>ab</strong></span> <span class='ocrx_word' id='word_1_206' title='bbox 1067 2934 1198 3000; x_wconf 89' lang='lat' dir='ltr'><strong>actione</strong></span> <span class='ocrx_word' id='word_1_207' title='bbox 1221 2934 1329 3000; x_wconf 87' lang='lat' dir='ltr'><strong>cadat.</strong></span> 
     </span>
    </p>
   </div>
   <div class='ocr_carea' id='block_1_7' title="bbox 223 3088 1441 3697">
    <p class='ocr_par' dir='ltr' id='par_1_7' title="bbox 223 3088 1441 3697">
     <span class='ocr_line' id='line_1_25' title="bbox 346 3088 1435 3175; baseline -0.001 -20"><span class='ocrx_word' id='word_1_208' title='bbox 346 3093 374 3155; x_wconf 84' lang='lat'><strong>7.</strong></span> <span class='ocrx_word' id='word_1_209' title='bbox 397 3090 452 3154; x_wconf 86' lang='lat' dir='ltr'><strong>Ad</strong></span> <span class='ocrx_word' id='word_1_210' title='bbox 474 3090 568 3157; x_wconf 75' lang='lat' dir='ltr'><strong>idem.</strong></span> <span class='ocrx_word' id='word_1_211' title='bbox 592 3090 797 3175; x_wconf 74' lang='lat' dir='ltr'><strong>Quandoque</strong></span> <span class='ocrx_word' id='word_1_212' title='bbox 820 3089 940 3170; x_wconf 89' lang='lat' dir='ltr'><strong>petitio</strong></span> <span class='ocrx_word' id='word_1_213' title='bbox 964 3108 1022 3155; x_wconf 91' lang='lat' dir='ltr'><strong>seu</strong></span> <span class='ocrx_word' id='word_1_214' title='bbox 1045 3088 1204 3173; x_wconf 89' lang='lat' dir='ltr'><strong>allegatio</strong></span> <span class='ocrx_word' id='word_1_215' title='bbox 1223 3088 1274 3155; x_wconf 84' lang='lat' dir='ltr'><strong>rei</strong></span> <span class='ocrx_word' id='word_1_216' title='bbox 1289 3090 1435 3155; x_wconf 86' lang='lat' dir='ltr'><strong>rationa-</strong></span> 
     </span>
     <span class='ocr_line' id='line_1_26' title="bbox 236 3192 1433 3279; baseline -0.003 -18"><span class='ocrx_word' id='word_1_217' title='bbox 236 3194 315 3261; x_wconf 86' lang='lat' dir='ltr'><strong>bilis</strong></span> <span class='ocrx_word' id='word_1_218' title='bbox 328 3199 381 3261; x_wconf 91' lang='lat' dir='ltr'><strong>est</strong></span> <span class='ocrx_word' id='word_1_219' title='bbox 393 3196 538 3279; x_wconf 87' lang='lat' dir='ltr'><strong>etjusta,</strong></span> <span class='ocrx_word' id='word_1_220' title='bbox 550 3194 638 3261; x_wconf 90' lang='lat' dir='ltr'><strong>sicut</strong></span> <span class='ocrx_word' id='word_1_221' title='bbox 650 3213 722 3261; x_wconf 86' lang='lat' dir='ltr'><strong>curn</strong></span> <span class='ocrx_word' id='word_1_222' title='bbox 736 3212 813 3261; x_wconf 89' lang='lat' dir='ltr'><strong>reus</strong></span> <span class='ocrx_word' id='word_1_223' title='bbox 826 3194 898 3274; x_wconf 86' lang='lat' dir='ltr'><strong>ipse</strong></span> <span class='ocrx_word' id='word_1_224' title='bbox 916 3194 1103 3276; x_wconf 89' lang='lat' dir='ltr'><strong>confitetur,</strong></span> <span class='ocrx_word' id='word_1_225' title='bbox 1119 3210 1154 3259; x_wconf 89' lang='lat' dir='ltr'><strong>se</strong></span> <span class='ocrx_word' id='word_1_226' title='bbox 1173 3192 1232 3258; x_wconf 91' lang='lat' dir='ltr'><strong>uni</strong></span> <span class='ocrx_word' id='word_1_227' title='bbox 1247 3211 1288 3259; x_wconf 88' lang='lat' dir='ltr'><strong>ex</strong></span> <span class='ocrx_word' id='word_1_228' title='bbox 1305 3195 1433 3259; x_wconf 85' lang='lat' dir='ltr'><strong>duobus</strong></span> 
     </span>
     <span class='ocr_line' id='line_1_27' title="bbox 238 3296 1435 3381; baseline -0.002 -16"><span class='ocrx_word' id='word_1_229' title='bbox 238 3299 413 3381; x_wconf 87' lang='lat' dir='ltr'><strong>pecuniam</strong></span> <span class='ocrx_word' id='word_1_230' title='bbox 430 3300 522 3365; x_wconf 89' lang='lat' dir='ltr'><strong>adse</strong></span> <span class='ocrx_word' id='word_1_231' title='bbox 535 3298 716 3381; x_wconf 88' lang='lat' dir='ltr'><strong>repositam</strong></span> <span class='ocrx_word' id='word_1_232' title='bbox 733 3298 797 3365; x_wconf 89' lang='lat' dir='ltr'><strong>sibi</strong></span> <span class='ocrx_word' id='word_1_233' title='bbox 813 3298 848 3364; x_wconf 90' lang='lat' dir='ltr'><strong>in</strong></span> <span class='ocrx_word' id='word_1_234' title='bbox 864 3297 978 3377; x_wconf 91' lang='lat' dir='ltr'><strong>solido,</strong></span> <span class='ocrx_word' id='word_1_235' title='bbox 995 3298 1131 3362; x_wconf 88' lang='lat' dir='ltr'><strong>totalem</strong></span> <span class='ocrx_word' id='word_1_236' title='bbox 1148 3296 1344 3379; x_wconf 87' lang='lat' dir='ltr'><strong>tradidisse;</strong></span> <span class='ocrx_word' id='word_1_237' title='bbox 1358 3297 1435 3364; x_wconf 82' lang='lat' dir='ltr'><strong>&#39;oum</strong></span> 
     </span>
     <span class='ocr_line' id='line_1_28' title="bbox 223 3393 1441 3485; baseline -0.002 -18"><span class='ocrx_word' id='word_1_238' title='bbox 223 3393 286 3468; x_wconf 55' lang='lat' dir='ltr'><strong>&#39;sic</strong></span> <span class='ocrx_word' id='word_1_239' title='bbox 304 3408 420 3469; x_wconf 87' lang='lat' dir='ltr'><strong>contra</strong></span> <span class='ocrx_word' id='word_1_240' title='bbox 434 3406 627 3469; x_wconf 87' lang='lat' dir='ltr'><strong>mandatum</strong></span> <span class='ocrx_word' id='word_1_241' title='bbox 639 3406 818 3484; x_wconf 88' lang='lat' dir='ltr'><strong>amborum,</strong></span> <span class='ocrx_word' id='word_1_242' title='bbox 835 3400 892 3481; x_wconf 91' lang='lat' dir='ltr'><strong>qui</strong></span> <span class='ocrx_word' id='word_1_243' title='bbox 904 3400 1076 3483; x_wconf 86' lang='lat' dir='ltr'><strong>pecuniam</strong></span> <span class='ocrx_word' id='word_1_244' title='bbox 1090 3400 1152 3466; x_wconf 86' lang='lat' dir='ltr'><strong>sibi</strong></span> <span class='ocrx_word' id='word_1_245' title='bbox 1166 3400 1441 3485; x_wconf 73' lang='lat' dir='ltr'><strong>assignaverant,</strong></span> 
     </span>
     <span class='ocr_line' id='line_1_29' title="bbox 225 3504 1431 3592; baseline -0.002 -17"><span class='ocrx_word' id='word_1_246' title='bbox 225 3506 397 3590; x_wconf 80' lang='lat' dir='ltr'><strong>uenisset,</strong></span> <span class='ocrx_word' id='word_1_247' title='bbox 426 3508 545 3574; x_wconf 89' lang='lat' dir='ltr'><strong>merito</strong></span> <span class='ocrx_word' id='word_1_248' title='bbox 575 3511 750 3573; x_wconf 88' lang='lat' dir='ltr'><strong>teneretur</strong></span> <span class='ocrx_word' id='word_1_249' title='bbox 779 3506 879 3573; x_wconf 90' lang='lat' dir='ltr'><strong>alteri</strong></span> <span class='ocrx_word' id='word_1_250' title='bbox 909 3523 979 3592; x_wconf 88' lang='lat' dir='ltr'><strong>pro</strong></span> <span class='ocrx_word' id='word_1_251' title='bbox 1000 3504 1107 3570; x_wconf 92' lang='lat' dir='ltr'><strong>media</strong></span> <span class='ocrx_word' id='word_1_252' title='bbox 1136 3508 1234 3585; x_wconf 87' lang='lat' dir='ltr'><strong>parte</strong></span> <span class='ocrx_word' id='word_1_253' title='bbox 1266 3506 1431 3585; x_wconf 89' lang='lat' dir='ltr'><strong>pecuniae</strong></span> 
     </span>
     <span class='ocr_line' id='line_1_30' title="bbox 235 3612 840 3697; baseline -0.003 -20"><span class='ocrx_word' id='word_1_254' title='bbox 235 3614 418 3680; x_wconf 88' lang='lat' dir='ltr'><strong>secundum</strong></span> <span class='ocrx_word' id='word_1_255' title='bbox 437 3612 604 3697; x_wconf 88' lang='lat' dir='ltr'><strong>justitiam</strong></span> <span class='ocrx_word' id='word_1_256' title='bbox 628 3612 840 3694; x_wconf 89' lang='lat' dir='ltr'><strong>respondere.</strong></span> 
     </span>
    </p>
   </div>
   <div class='ocr_carea' id='block_1_8' title="bbox 127 3764 1435 4369">
    <p class='ocr_par' dir='ltr' id='par_1_8' title="bbox 127 3764 1435 4369">
     <span class='ocr_line' id='line_1_31' title="bbox 341 3764 1434 3851; baseline -0.001 -20"><span class='ocrx_word' id='word_1_257' title='bbox 341 3769 371 3832; x_wconf 88' lang='grc'><strong>8.</strong></span> <span class='ocrx_word' id='word_1_258' title='bbox 393 3766 444 3830; x_wconf 89' lang='lat' dir='ltr'><strong>De</strong></span> <span class='ocrx_word' id='word_1_259' title='bbox 467 3775 575 3831; x_wconf 82' lang='lat' dir='ltr'><strong>actore</strong></span> <span class='ocrx_word' id='word_1_260' title='bbox 598 3776 803 3851; x_wconf 77' lang='lat' dir='ltr'><strong>conquerente</strong></span> <span class='ocrx_word' id='word_1_261' title='bbox 827 3774 857 3828; x_wconf 82' lang='lat' dir='ltr'><strong>et</strong></span> <span class='ocrx_word' id='word_1_262' title='bbox 879 3786 932 3829; x_wconf 79' lang='lat' dir='ltr'><strong>reo</strong></span> <span class='ocrx_word' id='word_1_263' title='bbox 955 3784 1018 3827; x_wconf 86' lang='lat' dir='ltr'><strong>aon</strong></span> <span class='ocrx_word' id='word_1_264' title='bbox 1042 3764 1259 3849; x_wconf 77' lang='lat' dir='ltr'><strong>respondente.</strong></span> <span class='ocrx_word' id='word_1_265' title='bbox 1286 3764 1325 3832; x_wconf 82' lang='lat' dir='ltr'><strong>Si</strong></span> <span class='ocrx_word' id='word_1_266' title='bbox 1356 3783 1434 3831; x_wconf 85' lang='lat' dir='ltr'><strong>reus</strong></span> 
     </span>
     <span class='ocr_line' id='line_1_32' title="bbox 221 3869 1433 3954; baseline -0.001 -18"><span class='ocrx_word' id='word_1_267' title='bbox 221 3872 280 3936; x_wconf 82' lang='lat' dir='ltr'><strong>ad</strong></span> <span class='ocrx_word' id='word_1_268' title='bbox 300 3870 461 3954; x_wconf 89' lang='lat' dir='ltr'><strong>judicium</strong></span> <span class='ocrx_word' id='word_1_269' title='bbox 485 3872 599 3938; x_wconf 89' lang='lat' dir='ltr'><strong>debite</strong></span> <span class='ocrx_word' id='word_1_270' title='bbox 620 3871 744 3937; x_wconf 88' lang='lat' dir='ltr'><strong>citatus</strong></span> <span class='ocrx_word' id='word_1_271' title='bbox 761 3870 985 3952; x_wconf 83' lang='lat' dir='ltr'><strong>comparuerit</strong></span> <span class='ocrx_word' id='word_1_272' title='bbox 1002 3874 1037 3935; x_wconf 90' lang='lat' dir='ltr'><strong>et</strong></span> <span class='ocrx_word' id='word_1_273' title='bbox 1052 3870 1177 3935; x_wconf 90' lang='lat' dir='ltr'><strong>actoris</strong></span> <span class='ocrx_word' id='word_1_274' title='bbox 1195 3869 1433 3948; x_wconf 88' lang='lat' dir='ltr'><strong>querimoniam</strong></span> 
     </span>
     <span class='ocr_line' id='line_1_33' title="bbox 234 3972 1435 4056; baseline 0 -17"><span class='ocrx_word' id='word_1_275' title='bbox 234 3974 376 4040; x_wconf 87' lang='lat' dir='ltr'><strong>audiens</strong></span> <span class='ocrx_word' id='word_1_276' title='bbox 399 3977 442 4040; x_wconf 90' lang='lat' dir='ltr'><strong>ad</strong></span> <span class='ocrx_word' id='word_1_277' title='bbox 465 3975 571 4056; x_wconf 89' lang='lat' dir='ltr'><strong>ipsam</strong></span> <span class='ocrx_word' id='word_1_278' title='bbox 598 3993 662 4041; x_wconf 92' lang='lat' dir='ltr'><strong>non</strong></span> <span class='ocrx_word' id='word_1_279' title='bbox 694 3972 915 4056; x_wconf 90' lang='lat' dir='ltr'><strong>responderit,</strong></span> <span class='ocrx_word' id='word_1_280' title='bbox 945 3991 1007 4039; x_wconf 92' lang='lat' dir='ltr'><strong>nec</strong></span> <span class='ocrx_word' id='word_1_281' title='bbox 1038 3974 1266 4055; x_wconf 78' lang='lat' dir='ltr'><strong>exceptionem</strong></span> <span class='ocrx_word' id='word_1_282' title='bbox 1298 3975 1338 4039; x_wconf 92' lang='lat' dir='ltr'><strong>de</strong></span> <span class='ocrx_word' id='word_1_283' title='bbox 1369 3992 1435 4041; x_wconf 90' lang='lat' dir='ltr'><strong>non</strong></span> 
     </span>
     <span class='ocr_line' id='line_1_34' title="bbox 235 4076 1435 4162; baseline 0 -19"><span class='ocrx_word' id='word_1_284' title='bbox 235 4079 469 4159; x_wconf 88' lang='lat' dir='ltr'><strong>respondendo</strong></span> <span class='ocrx_word' id='word_1_285' title='bbox 492 4079 743 4162; x_wconf 87' lang='lat' dir='ltr'><strong>interposuerit,</strong></span> <span class='ocrx_word' id='word_1_286' title='bbox 766 4081 826 4144; x_wconf 88' lang='lat' dir='ltr'><strong>sed</strong></span> <span class='ocrx_word' id='word_1_287' title='bbox 846 4077 1044 4158; x_wconf 88' lang='lat' dir='ltr'><strong>simpliciter</strong></span> <span class='ocrx_word' id='word_1_288' title='bbox 1067 4076 1196 4143; x_wconf 89' lang='lat' dir='ltr'><strong>tamdiu</strong></span> <span class='ocrx_word' id='word_1_289' title='bbox 1212 4079 1435 4159; x_wconf 84' lang='lat' dir='ltr'><strong>donecJudex</strong></span> 
     </span>
     <span class='ocr_line' id='line_1_35' title="bbox 127 4170 1435 4266; baseline 0 -18"><span class='ocrx_word' id='word_1_290' title='bbox 127 4170 129 4173; x_wconf 64' lang='grc'><strong>’</strong></span> <span class='ocrx_word' id='word_1_291' title='bbox 218 4201 257 4248; x_wconf 85' lang='lat' dir='ltr'><strong>a</strong></span> <span class='ocrx_word' id='word_1_292' title='bbox 275 4182 402 4265; x_wconf 87' lang='lat' dir='ltr'><strong>jndicio</strong></span> <span class='ocrx_word' id='word_1_293' title='bbox 426 4188 553 4266; x_wconf 85' lang='lat' dir='ltr'><strong>surgat,</strong></span> <span class='ocrx_word' id='word_1_294' title='bbox 575 4184 737 4249; x_wconf 88' lang='lat' dir='ltr'><strong>tacuerit:</strong></span> <span class='ocrx_word' id='word_1_295' title='bbox 760 4182 795 4249; x_wconf 90' lang='lat' dir='ltr'><strong>in</strong></span> <span class='ocrx_word' id='word_1_296' title='bbox 819 4199 920 4249; x_wconf 87' lang='lat' dir='ltr'><strong>causa</strong></span> <span class='ocrx_word' id='word_1_297' title='bbox 945 4182 1140 4263; x_wconf 86' lang='lat' dir='ltr'><strong>succumbit,</strong></span> <span class='ocrx_word' id='word_1_298' title='bbox 1166 4185 1200 4246; x_wconf 90' lang='lat' dir='ltr'><strong>et</strong></span> <span class='ocrx_word' id='word_1_299' title='bbox 1217 4185 1311 4247; x_wconf 86' lang='lat' dir='ltr'><strong>actor</strong></span> <span class='ocrx_word' id='word_1_300' title='bbox 1327 4181 1435 4265; x_wconf 90' lang='lat' dir='ltr'><strong>ipsam</strong></span> 
     </span>
     <span class='ocr_line' id='line_1_36' title="bbox 232 4284 1411 4369; baseline -0.004 -16"><span class='ocrx_word' id='word_1_301' title='bbox 232 4286 366 4353; x_wconf 88' lang='lat' dir='ltr'><strong>obtinet</strong></span> <span class='ocrx_word' id='word_1_302' title='bbox 389 4286 486 4369; x_wconf 92' lang='lat' dir='ltr'><strong>pleno</strong></span> <span class='ocrx_word' id='word_1_303' title='bbox 505 4286 592 4369; x_wconf 86' lang='lat' dir='ltr'><strong>jure.</strong></span> <span class='ocrx_word' id='word_1_304' title='bbox 1408 4284 1411 4289; x_wconf 81' lang='grc'><strong>’</strong></span> 
     </span>
    </p>
   </div>
   <div class='ocr_carea' id='block_1_9' title="bbox 0 0 1642 5009">
    <p class='ocr_par' dir='ltr' id='par_1_9' title="bbox 0 0 1642 5009">
     <span class='ocr_line' id='line_1_37' title="bbox 0 0 1642 5009; baseline 0 1"><span class='ocrx_word' id='word_1_305' title='bbox 0 0 1642 5009; x_wconf 95' lang='lat' dir='ltr'><strong> </strong></span> 
     </span>
    </p>
   </div>
  </div>
 </body>
</html>
