3275 5009
706 339 872 391 Brunenses.
1333 336 1395 389 235.

190 546 299 632 gnari,
320 544 426 613 formai
436 547 616 630 judiciaria
633 546 859 613 obtinuerunt.
883 545 929 611 Et
945 565 1017 613 cum
1033 546 1124 612 intra
1139 562 1259 611 annum
1276 546 1389 613 dictos

188 652 278 719 filius
301 653 344 716 de
366 651 476 718 medio
500 651 652 717 sublatus
674 650 804 733 fuisset,
828 650 978 717 dominus
993 650 1092 719 heres
1108 649 1209 716 villae
1225 650 1395 731 repetivit.

190 755 415 824 substantiam
446 773 549 837 suam,
580 756 740 838 allegans,
771 757 859 837 quod
893 757 937 821 ad
970 772 1016 836 se,
1050 772 1123 820 cnm
1157 752 1228 821 sine
1261 742 1388 820 herede

191 859 386 941 decesserit,
403 863 495 925 esset
512 858 727 943 justitialiter
749 860 917 926 devoluta.
939 859 1051 926 Mater
1071 863 1184 925 autem
1206 857 1311 939 ipsius
1326 857 1394 925 filil

191 963 286 1048 dixit,
309 965 449 1031 eandem
472 964 695 1031 substantiam
718 965 761 1030 ad
777 982 898 1045 pueros
918 969 1167 1045 quatuor,quos
1183 965 1387 1029 exsecando

192 1068 325 1153 peperit
347 1068 477 1150 marito,
496 1068 713 1152 justitialiter
729 1068 908 1149 pertinere.
932 1068 1039 1149 Super
1056 1085 1119 1147 qno
1136 1084 1386 1149 responsum

191 1178 243 1241 est
278 1171 470 1239 diffinitive:
503 1172 582 1239 Cum
618 1172 706 1239 filius
739 1178 888 1239 mortuus
923 1176 957 1238 et
991 1176 1133 1254 quatuor
1166 1170 1322 1237 viventes
1346 1188 1390 1235 ex

191 1280 305 1344 eodem
328 1276 557 1358 processerint
579 1282 686 1360 utero,
707 1295 769 1343 nec
792 1276 850 1343 alii
874 1278 1046 1359 supersint
1070 1294 1112 1340 ex
1134 1274 1259 1341 semine
1280 1274 1390 1355 patris
1481 1355 1485 1360 ι

192 1381 303 1464 occisi,
326 1381 409 1446 dicti
431 1381 519 1446 bona
541 1381 611 1462 filii,
640 1400 685 1447 sc.
715 1382 845 1459 mortui,
877 1382 919 1445 ad
950 1380 1100 1447 uterinos
1131 1377 1391 1460 superviventes

191 1484 398 1553 hereditarie
421 1485 645 1568 pertinebunt.
676 1486 750 1551 Nou
778 1485 866 1557 enim
897 1484 1003 1551 solum
1034 1485 1176 1550 heredes
1208 1484 1389 1549 secundum

192 1590 391 1656 descensum
413 1597 448 1655 et
470 1588 569 1673 iufra,
600 1590 688 1655 sicut
711 1590 861 1657 dominus
893 1588 993 1657 villae
1017 1590 1181 1669 movebat,
1204 1591 1283 1653 sunt
1306 1586 1389 1653 reci·

191 1692 314 1776 piendi,
346 1695 406 1760 sed
438 1694 540 1759 etiam
576 1713 706 1760 sursum
739 1697 774 1759 et
796 1712 817 1759 a
840 1693 955 1759 latere.
987 1694 1084 1760 Unde
1117 1692 1298 1757 coheredes
1329 1708 1392 1774 pro

192 1797 373 1888 heredibus
396 1802 475 1867 suut
497 1798 652 1864 habendi.

297 1920 371 1986 623.
379 1919 430 1982 De
442 1918 697 1983 successionibus
706 1916 1006 2003 regulaeqeneroles
1016 1915 1391 2001 etspeeioies.‚Quamvis

193 2024 376 2089 secundum
402 2023 489 2090 Jura
512 2021 696 2107 Originalia
726 2022 847 2089 marito
862 2021 1041 2088 'intestato
1071 2022 1257 2089 decedente
1286 2021 1400 2087 tertia.

192 2145 271 2209 pars
283 2127 453 2210 bonorum,
466 2146 551 2207 quae
564 2127 747 2210 reliquerit,
758 2130 802 2193 ad
817 2144 964 2210 uxorem,
980 2128 1068 2191 duae
1083 2144 1162 2193 vero
1179 2128 1223 2191 ad
1238 2118 1392 2207 heredes,

194 2231 265 2297 sive
295 2249 381 2297 unus
414 2230 486 2299 sive
514 2232 628 2314 plures
656 2230 792 2315 fuerint,
814 2232 1048 2313 pertinebunt:
1071 2229 1165 2297 salvo
1187 2236 1301 2297 tamen
1324 2229 1391 2296 isto

190 2336 274 2419 jure,
305 2336 334 2400 si
364 2336 518 2401 evenerit
552 2354 659 2421 casus,
694 2336 751 2417 qui
784 2355 847 2404 nec
881 2338 1062 2404 secundum
1094 2335 1180 2401 Jura
1204 2334 1392 2417 Originalia

194 2438 331 2518 diffiniri
354 2448 476 2523 potest,
499 2442 739 2506 retrahendum
759 2447 813 2507 est
829 2442 872 2506 ad
887 2440 979 2525 leges
997 2457 1194 2521 communes
1210 2437 1391 2520 inquibus,

193 2543 338 2623 qualiter
351 2611 352 2614 ,
366 2542 538 2610 hereditas
569 2543 743 2611 deleratur
770 2547 844 2629 jure
868 2544 1058 2629 agnationis
1093 2543 1147 2610 vel
1170 2542 1392 2626 cognationis,

194 2647 353 2714 scribitur
376 2648 442 2715 sic:
468 2649 527 2732 „In
550 2650 818 2717 successionibus
842 2652 884 2715 ab
904 2649 1067 2715 intestato
1083 2648 1187 2729 primo
1208 2648 1398 2741 succedent

196 2751 451 2836 descendentes,
475 2755 622 2820 secundo
645 2755 869 2821 ascendentes
892 2771 1033 2822 unacum
1056 2750 1219 2819 fratribus
1235 2748 1391 2817 intestati

196 2855 355 2935 defuncti,
378 2856 481 2923 tertio
505 2856 717 2924 collaterales
741 2858 968 2940 proximiores.
993 2854 1152 2925 Omnibus
1167 2856 1219 2920 his
1237 2853 1391 2920 deficien-

194 2960 285 3026 tibus
319 2978 403 3025 uxor
437 2961 597 3042 succedit,
632 2968 799 3042 postremo
833 2961 945 3043 fiscus,
979 2960 1045 3026 nisi
1080 2964 1213 3041 pactum
1237 2957 1291 3024 vel
1315 2974 1391 3023 con·

194 3064 336 3130 suetudo
352 3064 590 3146 praejudicans
616 3065 663 3130 Et
679 3064 803 3131 dicitur
820 3066 1006 3149 ,pactnm“,
1022 3064 1110 3130 sicut
1126 3068 1179 3129 est
1195 3061 1398 3143 promissum

191 3166 318 3233 facturn
349 3163 409 3249 per
431 3167 586 3234 maritum
616 3174 651 3234 et
682 3188 817 3236 uxorem
850 3169 951 3236 alteri
980 3186 1153 3249 personae,
1183 3166 1248 3233 isto
1278 3167 1391 3231 modo:

195 3272 297 3353 ,Post
320 3276 460 3337 mortem
483 3283 630 3338 nostram
658 3275 753 3354 bona,
783 3292 869 3353 quae
902 3272 1134 3353 dimiserimus,
1165 3269 1393 3351 possidebis“·,

193 3376 241 3455 sic
264 3380 457 3443 removetur
486 3376 597 3442 fiscus.
623 3376 670 3443 Et
694 3376 818 3443 dicitur
844 3375 1100 3459 ,consuetudo“,
1131 3375 1235 3445 sicut:
1257 3373 1394 3441 Alicubi

194 3480 279 3545 bona
303 3478 386 3545 talia
410 3480 606 3547 dividuntur
628 3481 663 3546 in
686 3483 769 3548 duas
793 3490 919 3566 partes,
949 3480 1073 3547 alicubi
1105 3486 1218 3546 autem
1241 3480 1282 3544 in
1310 3482 1395 3561 treS,

195 3582 283 3662 sicut
306 3585 513 3651 consuetudo
536 3591 572 3651 et
590 3586 669 3669 Jura
691 3585 905 3668 municipalia
925 3585 1101 3653 civitatum
1117 3586 1241 3651 debent
1255 3584 1389 3649 habere.

299 3714 372 3783 624.
395 3714 446 3780 De
467 3716 666 3777 successione
689 3726 843 3798 quantum
867 3716 912 3779 od
934 3714 1165 3779 descendentes.
1193 3712 1234 3779 In
1257 3721 1400 3779 succes-‘¹

194 3816 286 3885 sione
311 3820 352 3885 ab
370 3818 533 3885 intestato
549 3818 660 3902 potior
677 3826 732 3886 est
746 3838 848 3886 causa
865 3819 1146 3902 descendentium,
1162 3817 1190 3884 si
1207 3818 1390 3902 supersint.

298 3922 340 3989 It.
362 3922 403 3987 Iu
426 3922 529 4003 primo
553 3924 660 4007 gradu
684 3925 958 3991 descendentium
981 3927 1059 3990 sunt
1082 3922 1180 3989 liberi
1194 3921 1336 4005 legitimi
1352 3929 1391 3989 et

192 4026 376 4110 naturales,
388 4026 443 4092 vel
458 4026 560 4093 etiam
575 4026 718 4109 legitimi
733 4031 872 4111 tantum,
888 4032 924 4094 et
938 4032 1057 4110 postea
1072 4026 1230 4107 aequales
1246 4030 1391 4108 nepotes

193 4130 500 4213 ejusdemgradus,
523 4135 559 4196 et
581 4131 631 4197 sic
654 4132 896 4199 descendendo.
1002 4117 1004 4123 Α

207 4274 210 4282 ,
296 4232 339 4299 It.
359 4232 480 4300 vLiberi
502 4235 678 4302 naturales
692 4234 728 4301 in
743 4239 852 4302 totum
868 4238 1061 4320 succedunt,
1077 4235 1107 4302 si
1122 4233 1181 4302 alii
1195 4254 1259 4303 nou
1277 4253 1401 4317 super-³

195 4343 299 4421 sunt3‘
313 4336 420 4421 spurii
442 4350 555 4406 autem
577 4357 754 4420 numquam
786 4343 986 4424 succedunt,
1018 4342 1168 4408 ethaeo
1200 4358 1283 4407 vera
1313 4348 1397 4409 sunt
