<?xml version="1.0" encoding="UTF-8"?>
<!DOCTYPE html PUBLIC "-//W3C//DTD XHTML 1.0 Transitional//EN"
    "http://www.w3.org/TR/xhtml1/DTD/xhtml1-transitional.dtd">
<html xmlns="http://www.w3.org/1999/xhtml" xml:lang="en" lang="en">
 <head>
  <title>
</title>
<meta http-equiv="Content-Type" content="text/html;charset=utf-8" />
  <meta name='ocr-system' content='tesseract 3.04.00' />
  <meta name='ocr-capabilities' content='ocr_page ocr_carea ocr_par ocr_line ocrx_word'/>
</head>
<body>
  <div class='ocr_page' id='page_1' title='image "./codexjurisbohem00unkngoog_0208.png"; bbox 0 0 3275 5009; ppageno 0'>
   <div class='ocr_carea' id='block_1_1' title="bbox 271 378 969 436">
    <p class='ocr_par' dir='ltr' id='par_1_1' title="bbox 271 378 969 436">
     <span class='ocr_line' id='line_1_1' title="bbox 271 378 969 436; baseline -0.001 -2"><span class='ocrx_word' id='word_1_1' title='bbox 271 383 323 436; x_wconf 77' lang='lat'><strong>192</strong></span> <span class='ocrx_word' id='word_1_2' title='bbox 804 378 969 434; x_wconf 82' lang='lat' dir='ltr'><strong>Sententiae</strong></span> 
     </span>
    </p>
   </div>
   <div class='ocr_carea' id='block_1_2' title="bbox 270 586 1471 1091">
    <p class='ocr_par' dir='ltr' id='par_1_2' title="bbox 270 586 1471 1091">
     <span class='ocr_line' id='line_1_2' title="bbox 270 586 1471 672; baseline -0.004 -15"><span class='ocrx_word' id='word_1_3' title='bbox 270 592 388 658; x_wconf 88' lang='lat' dir='ltr'><strong>borum</strong></span> <span class='ocrx_word' id='word_1_4' title='bbox 420 589 576 671; x_wconf 86' lang='lat' dir='ltr'><strong>virorum,</strong></span> <span class='ocrx_word' id='word_1_5' title='bbox 610 592 689 668; x_wconf 90' lang='lat' dir='ltr'><strong>quot</strong></span> <span class='ocrx_word' id='word_1_6' title='bbox 719 589 871 670; x_wconf 87' lang='lat' dir='ltr'><strong>postulat</strong></span> <span class='ocrx_word' id='word_1_7' title='bbox 902 586 1009 654; x_wconf 82' lang='lat' dir='ltr'><strong>forma</strong></span> <span class='ocrx_word' id='word_1_8' title='bbox 1039 586 1136 672; x_wconf 88' lang='lat' dir='ltr'><strong>juris.</strong></span> <span class='ocrx_word' id='word_1_9' title='bbox 1166 586 1347 672; x_wconf 80' lang='lat' dir='ltr'>Quaeritur</span> <span class='ocrx_word' id='word_1_10' title='bbox 1377 605 1471 672; x_wconf 82' lang='lat' dir='ltr'><strong>ergo,</strong></span> 
     </span>
     <span class='ocr_line' id='line_1_3' title="bbox 271 691 1470 780; baseline -0.003 -18"><span class='ocrx_word' id='word_1_11' title='bbox 271 697 366 780; x_wconf 88' lang='lat' dir='ltr'><strong>cujus</strong></span> <span class='ocrx_word' id='word_1_12' title='bbox 389 693 497 777; x_wconf 86' lang='lat' dir='ltr'><strong>partis</strong></span> <span class='ocrx_word' id='word_1_13' title='bbox 519 691 745 759; x_wconf 89' lang='lat' dir='ltr'><strong>testimonium</strong></span> <span class='ocrx_word' id='word_1_14' title='bbox 768 692 814 759; x_wconf 88' lang='lat' dir='ltr'><strong>sit</strong></span> <span class='ocrx_word' id='word_1_15' title='bbox 836 691 937 759; x_wconf 86' lang='lat' dir='ltr'><strong>alteri</strong></span> <span class='ocrx_word' id='word_1_16' title='bbox 959 691 1223 776; x_wconf 81' lang='lat' dir='ltr'><strong>praeferendum.</strong></span> <span class='ocrx_word' id='word_1_17' title='bbox 1257 691 1304 757; x_wconf 83' lang='lat' dir='ltr'><strong>Et</strong></span> <span class='ocrx_word' id='word_1_18' title='bbox 1326 709 1470 773; x_wconf 89' lang='lat' dir='ltr'><strong>respo·</strong></span> 
     </span>
     <span class='ocr_line' id='line_1_4' title="bbox 271 795 1470 882; baseline -0.004 -16"><span class='ocrx_word' id='word_1_19' title='bbox 271 802 409 882; x_wconf 90' lang='lat' dir='ltr'><strong>detur,</strong></span> <span class='ocrx_word' id='word_1_20' title='bbox 440 798 528 878; x_wconf 90' lang='lat' dir='ltr'><strong>quod</strong></span> <span class='ocrx_word' id='word_1_21' title='bbox 551 797 692 879; x_wconf 86' lang='lat' dir='ltr'><strong>actoris;</strong></span> <span class='ocrx_word' id='word_1_22' title='bbox 723 798 811 863; x_wconf 90' lang='lat' dir='ltr'><strong>unde</strong></span> <span class='ocrx_word' id='word_1_23' title='bbox 840 797 875 863; x_wconf 94' lang='lat' dir='ltr'><strong>in</strong></span> <span class='ocrx_word' id='word_1_24' title='bbox 905 797 969 863; x_wconf 88' lang='lat' dir='ltr'><strong>hoo</strong></span> <span class='ocrx_word' id='word_1_25' title='bbox 998 815 1079 862; x_wconf 91' lang='lat' dir='ltr'><strong>casu</strong></span> <span class='ocrx_word' id='word_1_26' title='bbox 1101 795 1209 878; x_wconf 90' lang='lat' dir='ltr'><strong>jurati</strong></span> <span class='ocrx_word' id='word_1_27' title='bbox 1239 795 1470 863; x_wconf 89' lang='lat' dir='ltr'><strong>testimonium</strong></span> 
     </span>
     <span class='ocr_line' id='line_1_5' title="bbox 270 899 1471 984; baseline -0.003 -14"><span class='ocrx_word' id='word_1_28' title='bbox 270 911 324 971; x_wconf 87' lang='lat' dir='ltr'><strong>est</strong></span> <span class='ocrx_word' id='word_1_29' title='bbox 359 903 560 970; x_wconf 88' lang='lat' dir='ltr'><strong>audiendum</strong></span> <span class='ocrx_word' id='word_1_30' title='bbox 607 905 642 967; x_wconf 90' lang='lat' dir='ltr'><strong>et</strong></span> <span class='ocrx_word' id='word_1_31' title='bbox 678 903 860 968; x_wconf 89' lang='lat' dir='ltr'><strong>secundum</strong></span> <span class='ocrx_word' id='word_1_32' title='bbox 905 902 1013 984; x_wconf 89' lang='lat' dir='ltr'><strong>ipsum</strong></span> <span class='ocrx_word' id='word_1_33' title='bbox 1058 900 1211 982; x_wconf 89' lang='lat' dir='ltr'><strong>partibus</strong></span> <span class='ocrx_word' id='word_1_34' title='bbox 1256 902 1299 966; x_wconf 92' lang='lat' dir='ltr'><strong>de</strong></span> <span class='ocrx_word' id='word_1_35' title='bbox 1331 899 1471 983; x_wconf 87' lang='lat' dir='ltr'><strong>justitia</strong></span> 
     </span>
     <span class='ocr_line' id='line_1_6' title="bbox 270 1007 521 1091; baseline -0.008 -17"><span class='ocrx_word' id='word_1_36' title='bbox 270 1007 521 1091; x_wconf 88' lang='lat' dir='ltr'><strong>providendum.</strong></span> 
     </span>
    </p>
   </div>
   <div class='ocr_carea' id='block_1_3' title="bbox 236 1143 1470 2377">
    <p class='ocr_par' dir='ltr' id='par_1_3' title="bbox 236 1143 1470 2377">
     <span class='ocr_line' id='line_1_7' title="bbox 372 1143 1469 1231; baseline -0.001 -22"><span class='ocrx_word' id='word_1_37' title='bbox 372 1147 447 1212; x_wconf 79' lang='lat'><strong><em>471.</em></strong></span> <span class='ocrx_word' id='word_1_38' title='bbox 470 1146 521 1211; x_wconf 88' lang='lat' dir='ltr'><strong>Dc</strong></span> <span class='ocrx_word' id='word_1_39' title='bbox 535 1150 726 1231; x_wconf 78' lang='lat' dir='ltr'><strong>juratorum</strong></span> <span class='ocrx_word' id='word_1_40' title='bbox 748 1145 930 1209; x_wconf 81' lang='lat' dir='ltr'><strong>testimonio</strong></span> <span class='ocrx_word' id='word_1_41' title='bbox 955 1153 1110 1228; x_wconf 80' lang='lat' dir='ltr'><strong>quantum</strong></span> <span class='ocrx_word' id='word_1_42' title='bbox 1134 1143 1178 1206; x_wconf 79' lang='lat' dir='ltr'><strong>od</strong></span> <span class='ocrx_word' id='word_1_43' title='bbox 1202 1153 1336 1227; x_wconf 77' lang='lat' dir='ltr'><strong>tempos.</strong></span> <span class='ocrx_word' id='word_1_44' title='bbox 1359 1144 1469 1210; x_wconf 80' lang='lat' dir='ltr'><strong>Actor</strong></span> 
     </span>
     <span class='ocr_line' id='line_1_8' title="bbox 269 1247 1470 1335; baseline -0.005 -15"><span class='ocrx_word' id='word_1_45' title='bbox 269 1255 472 1334; x_wconf 77' lang='lat' dir='ltr'><strong>conquestus</strong></span> <span class='ocrx_word' id='word_1_46' title='bbox 495 1255 549 1318; x_wconf 89' lang='lat' dir='ltr'><strong>est</strong></span> <span class='ocrx_word' id='word_1_47' title='bbox 571 1252 614 1318; x_wconf 92' lang='lat' dir='ltr'><strong>de</strong></span> <span class='ocrx_word' id='word_1_48' title='bbox 627 1269 695 1335; x_wconf 88' lang='lat' dir='ltr'><strong>reo,</strong></span> <span class='ocrx_word' id='word_1_49' title='bbox 721 1251 809 1332; x_wconf 91' lang='lat' dir='ltr'><strong>quod</strong></span> <span class='ocrx_word' id='word_1_50' title='bbox 825 1253 904 1316; x_wconf 91' lang='lat' dir='ltr'><strong>aute</strong></span> <span class='ocrx_word' id='word_1_51' title='bbox 919 1247 1003 1316; x_wconf 90' lang='lat' dir='ltr'><strong>XVI</strong></span> <span class='ocrx_word' id='word_1_52' title='bbox 1020 1268 1124 1316; x_wconf 88' lang='lat' dir='ltr'><strong>annos</strong></span> <span class='ocrx_word' id='word_1_53' title='bbox 1139 1249 1288 1316; x_wconf 89' lang='lat' dir='ltr'><strong>debitum</strong></span> <span class='ocrx_word' id='word_1_54' title='bbox 1303 1249 1470 1329; x_wconf 84' lang='lat' dir='ltr'><strong>quoddam</strong></span> 
     </span>
     <span class='ocr_line' id='line_1_9' title="bbox 270 1351 1469 1441; baseline -0.007 -17"><span class='ocrx_word' id='word_1_55' title='bbox 270 1375 380 1424; x_wconf 86' lang='lat' dir='ltr'><strong>coram</strong></span> <span class='ocrx_word' id='word_1_56' title='bbox 401 1373 466 1423; x_wconf 95' lang='lat' dir='ltr'><strong>uno</strong></span> <span class='ocrx_word' id='word_1_57' title='bbox 490 1357 531 1422; x_wconf 91' lang='lat' dir='ltr'><strong>de</strong></span> <span class='ocrx_word' id='word_1_58' title='bbox 557 1356 682 1441; x_wconf 84' lang='lat' dir='ltr'><strong>juratis</strong></span> <span class='ocrx_word' id='word_1_59' title='bbox 712 1354 803 1422; x_wconf 91' lang='lat' dir='ltr'><strong>illius</strong></span> <span class='ocrx_word' id='word_1_60' title='bbox 831 1355 1002 1438; x_wconf 87' lang='lat' dir='ltr'><strong>temporis,</strong></span> <span class='ocrx_word' id='word_1_61' title='bbox 1032 1358 1067 1420; x_wconf 89' lang='lat' dir='ltr'><strong>et</strong></span> <span class='ocrx_word' id='word_1_62' title='bbox 1089 1371 1251 1435; x_wconf 83' lang='lat' dir='ltr'><strong>nusquam</strong></span> <span class='ocrx_word' id='word_1_63' title='bbox 1281 1352 1372 1437; x_wconf 88' lang='lat' dir='ltr'><strong>alibi,</strong></span> <span class='ocrx_word' id='word_1_64' title='bbox 1401 1351 1469 1418; x_wconf 79' lang='lat' dir='ltr'><strong>sibi</strong></span> 
     </span>
     <span class='ocr_line' id='line_1_10' title="bbox 269 1456 1468 1541; baseline -0.004 -15"><span class='ocrx_word' id='word_1_65' title='bbox 269 1461 400 1528; x_wconf 88' lang='lat' dir='ltr'><strong>solvere</strong></span> <span class='ocrx_word' id='word_1_66' title='bbox 423 1459 630 1541; x_wconf 88' lang='lat' dir='ltr'><strong>promiserit;</strong></span> <span class='ocrx_word' id='word_1_67' title='bbox 663 1462 751 1539; x_wconf 89' lang='lat' dir='ltr'><strong>quod</strong></span> <span class='ocrx_word' id='word_1_68' title='bbox 773 1458 887 1526; x_wconf 82' lang='lat' dir='ltr'><strong>facere</strong></span> <span class='ocrx_word' id='word_1_69' title='bbox 910 1458 1084 1526; x_wconf 78' lang='lat' dir='ltr'><strong>distulerit</strong></span> <span class='ocrx_word' id='word_1_70' title='bbox 1105 1476 1211 1541; x_wconf 90' lang='lat' dir='ltr'><strong>usque</strong></span> <span class='ocrx_word' id='word_1_71' title='bbox 1234 1460 1339 1525; x_wconf 91' lang='lat' dir='ltr'><strong>modo.</strong></span> <span class='ocrx_word' id='word_1_72' title='bbox 1374 1456 1468 1522; x_wconf 86' lang='lat' dir='ltr'><strong>Reus</strong></span> 
     </span>
     <span class='ocr_line' id='line_1_11' title="bbox 268 1562 1468 1648; baseline -0.005 -16"><span class='ocrx_word' id='word_1_73' title='bbox 268 1583 349 1632; x_wconf 91' lang='lat' dir='ltr'><strong>vero</strong></span> <span class='ocrx_word' id='word_1_74' title='bbox 373 1564 522 1632; x_wconf 89' lang='lat' dir='ltr'><strong>debitum</strong></span> <span class='ocrx_word' id='word_1_75' title='bbox 544 1581 682 1648; x_wconf 64' lang='lat' dir='ltr'><strong>negans</strong></span> <span class='ocrx_word' id='word_1_76' title='bbox 709 1562 887 1648; x_wconf 84' lang='lat' dir='ltr'><strong>quaesivit,</strong></span> <span class='ocrx_word' id='word_1_77' title='bbox 917 1581 992 1631; x_wconf 91' lang='lat' dir='ltr'><strong>cum</strong></span> <span class='ocrx_word' id='word_1_78' title='bbox 1022 1564 1057 1629; x_wconf 93' lang='lat' dir='ltr'><strong>in</strong></span> <span class='ocrx_word' id='word_1_79' title='bbox 1088 1568 1140 1630; x_wconf 92' lang='lat' dir='ltr'><strong>tot</strong></span> <span class='ocrx_word' id='word_1_80' title='bbox 1166 1562 1264 1630; x_wconf 87' lang='lat' dir='ltr'><strong>annis</strong></span> <span class='ocrx_word' id='word_1_81' title='bbox 1288 1579 1468 1642; x_wconf 80' lang='lat' dir='ltr'><strong>numquam</strong></span> 
     </span>
     <span class='ocr_line' id='line_1_12' title="bbox 269 1665 1467 1752; baseline -0.004 -17"><span class='ocrx_word' id='word_1_82' title='bbox 269 1669 498 1750; x_wconf 87' lang='lat' dir='ltr'><strong>quaestionem</strong></span> <span class='ocrx_word' id='word_1_83' title='bbox 511 1667 575 1736; x_wconf 88' lang='lat' dir='ltr'><strong>sibi</strong></span> <span class='ocrx_word' id='word_1_84' title='bbox 588 1673 747 1752; x_wconf 87' lang='lat' dir='ltr'><strong>moveret,</strong></span> <span class='ocrx_word' id='word_1_85' title='bbox 760 1671 870 1736; x_wconf 91' lang='lat' dir='ltr'><strong>utrum</strong></span> <span class='ocrx_word' id='word_1_86' title='bbox 883 1667 1109 1736; x_wconf 87' lang='lat' dir='ltr'><strong>testimonium</strong></span> <span class='ocrx_word' id='word_1_87' title='bbox 1121 1665 1228 1752; x_wconf 88' lang='lat' dir='ltr'><strong>jurati</strong></span> <span class='ocrx_word' id='word_1_88' title='bbox 1242 1671 1320 1748; x_wconf 91' lang='lat' dir='ltr'><strong>post</strong></span> <span class='ocrx_word' id='word_1_89' title='bbox 1334 1669 1467 1731; x_wconf 86' lang='lat' dir='ltr'><strong>tantam</strong></span> 
     </span>
     <span class='ocr_line' id='line_1_13' title="bbox 268 1768 1470 1853; baseline -0.005 -13"><span class='ocrx_word' id='word_1_90' title='bbox 268 1791 393 1840; x_wconf 87' lang='lat' dir='ltr'><strong>moram</strong></span> <span class='ocrx_word' id='word_1_91' title='bbox 419 1773 466 1838; x_wconf 90' lang='lat' dir='ltr'><strong>sit</strong></span> <span class='ocrx_word' id='word_1_92' title='bbox 487 1773 689 1839; x_wconf 86' lang='lat' dir='ltr'><strong>audiendum</strong></span> <span class='ocrx_word' id='word_1_93' title='bbox 720 1777 755 1839; x_wconf 91' lang='lat' dir='ltr'><strong>et</strong></span> <span class='ocrx_word' id='word_1_94' title='bbox 777 1777 947 1853; x_wconf 82' lang='lat' dir='ltr'><strong>tamquam</strong></span> <span class='ocrx_word' id='word_1_95' title='bbox 980 1771 1100 1839; x_wconf 88' lang='lat' dir='ltr'><strong>efficax</strong></span> <span class='ocrx_word' id='word_1_96' title='bbox 1129 1768 1382 1853; x_wconf 85' lang='lat' dir='ltr'><strong>recipiendum?</strong></span> <span class='ocrx_word' id='word_1_97' title='bbox 1413 1768 1470 1835; x_wconf 80' lang='lat' dir='ltr'><strong>nt</strong></span> 
     </span>
     <span class='ocr_line' id='line_1_14' title="bbox 268 1874 1469 1961; baseline -0.002 -19"><span class='ocrx_word' id='word_1_98' title='bbox 268 1879 454 1959; x_wconf 78' lang='lat' dir='ltr'><strong>respond</strong></span> <span class='ocrx_word' id='word_1_99' title='bbox 465 1881 576 1944; x_wconf 90' lang='lat' dir='ltr'><strong>etur:</strong></span> <span class='ocrx_word' id='word_1_100' title='bbox 593 1875 687 1961; x_wconf 80' lang='lat' dir='ltr'><strong>Quod</strong></span> <span class='ocrx_word' id='word_1_101' title='bbox 699 1878 856 1942; x_wconf 89' lang='lat' dir='ltr'><strong>obstante</strong></span> <span class='ocrx_word' id='word_1_102' title='bbox 872 1894 965 1943; x_wconf 90' lang='lat' dir='ltr'><strong>mora</strong></span> <span class='ocrx_word' id='word_1_103' title='bbox 981 1876 1065 1942; x_wconf 83' lang='lat' dir='ltr'><strong>XVI</strong></span> <span class='ocrx_word' id='word_1_104' title='bbox 1080 1893 1249 1959; x_wconf 88' lang='lat' dir='ltr'><strong>annorum,</strong></span> <span class='ocrx_word' id='word_1_105' title='bbox 1263 1874 1469 1954; x_wconf 87' lang='lat' dir='ltr'><strong>ultraquam</strong></span> 
     </span>
     <span class='ocr_line' id='line_1_15' title="bbox 236 1978 1468 2062; baseline -0.002 -15"><span class='ocrx_word' id='word_1_106' title='bbox 236 2019 237 2022; x_wconf 61' lang='lat'><em>=</em></span> <span class='ocrx_word' id='word_1_107' title='bbox 268 1981 412 2048; x_wconf 91' lang='lat' dir='ltr'><strong>humana</strong></span> <span class='ocrx_word' id='word_1_108' title='bbox 434 1980 591 2048; x_wconf 91' lang='lat' dir='ltr'><strong>memoria</strong></span> <span class='ocrx_word' id='word_1_109' title='bbox 613 1979 837 2046; x_wconf 82' lang='lat' dir='ltr'><strong>infallibiliter</strong></span> <span class='ocrx_word' id='word_1_110' title='bbox 860 1982 1044 2047; x_wconf 86' lang='lat' dir='ltr'><strong>extendere</strong></span> <span class='ocrx_word' id='word_1_111' title='bbox 1068 1998 1105 2046; x_wconf 93' lang='lat' dir='ltr'><strong>se</strong></span> <span class='ocrx_word' id='word_1_112' title='bbox 1129 1984 1251 2062; x_wconf 87' lang='lat' dir='ltr'><strong>potest,</strong></span> <span class='ocrx_word' id='word_1_113' title='bbox 1282 1979 1311 2044; x_wconf 88' lang='lat' dir='ltr'><strong>si</strong></span> <span class='ocrx_word' id='word_1_114' title='bbox 1331 1978 1468 2060; x_wconf 85' lang='lat' dir='ltr'><strong>juratus</strong></span> 
     </span>
     <span class='ocr_line' id='line_1_16' title="bbox 268 2082 1467 2170; baseline -0.003 -18"><span class='ocrx_word' id='word_1_115' title='bbox 268 2086 460 2170; x_wconf 78' lang='lat' dir='ltr'><strong>testabitur,</strong></span> <span class='ocrx_word' id='word_1_116' title='bbox 483 2087 570 2166; x_wconf 92' lang='lat' dir='ltr'><strong>quod</strong></span> <span class='ocrx_word' id='word_1_117' title='bbox 593 2085 740 2152; x_wconf 87' lang='lat' dir='ltr'><strong>debitum</strong></span> <span class='ocrx_word' id='word_1_118' title='bbox 763 2086 905 2152; x_wconf 90' lang='lat' dir='ltr'><strong>nondum</strong></span> <span class='ocrx_word' id='word_1_119' title='bbox 930 2090 983 2151; x_wconf 88' lang='lat' dir='ltr'><strong>est</strong></span> <span class='ocrx_word' id='word_1_120' title='bbox 1006 2086 1158 2168; x_wconf 88' lang='lat' dir='ltr'><strong>solutum,</strong></span> <span class='ocrx_word' id='word_1_121' title='bbox 1181 2088 1216 2150; x_wconf 89' lang='lat' dir='ltr'><strong>et</strong></span> <span class='ocrx_word' id='word_1_122' title='bbox 1239 2101 1281 2150; x_wconf 88' lang='lat' dir='ltr'><strong>ex</strong></span> <span class='ocrx_word' id='word_1_123' title='bbox 1301 2082 1467 2164; x_wconf 87' lang='lat' dir='ltr'><strong>promisso</strong></span> 
     </span>
     <span class='ocr_line' id='line_1_17' title="bbox 268 2188 1467 2273; baseline -0.004 -16"><span class='ocrx_word' id='word_1_124' title='bbox 268 2189 317 2257; x_wconf 89' lang='lat' dir='ltr'><strong>rei</strong></span> <span class='ocrx_word' id='word_1_125' title='bbox 339 2195 472 2256; x_wconf 88' lang='lat' dir='ltr'><strong>tantun</strong></span> <span class='ocrx_word' id='word_1_126' title='bbox 495 2189 530 2254; x_wconf 91' lang='lat' dir='ltr'><strong>in</strong></span> <span class='ocrx_word' id='word_1_127' title='bbox 552 2189 604 2255; x_wconf 88' lang='lat' dir='ltr'><strong>sui</strong></span> <span class='ocrx_word' id='word_1_128' title='bbox 626 2188 822 2269; x_wconf 88' lang='lat' dir='ltr'><strong>praesentia</strong></span> <span class='ocrx_word' id='word_1_129' title='bbox 843 2189 929 2255; x_wconf 85' lang='lat' dir='ltr'><strong>solvi</strong></span> <span class='ocrx_word' id='word_1_130' title='bbox 952 2188 1076 2272; x_wconf 89' lang='lat' dir='ltr'><strong>debuit,</strong></span> <span class='ocrx_word' id='word_1_131' title='bbox 1107 2206 1186 2255; x_wconf 90' lang='lat' dir='ltr'><strong>rens</strong></span> <span class='ocrx_word' id='word_1_132' title='bbox 1215 2190 1258 2255; x_wconf 87' lang='lat' dir='ltr'><strong>ad</strong></span> <span class='ocrx_word' id='word_1_133' title='bbox 1281 2189 1354 2273; x_wconf 89' lang='lat' dir='ltr'><strong>ejus</strong></span> <span class='ocrx_word' id='word_1_134' title='bbox 1377 2189 1467 2253; x_wconf 90' lang='lat' dir='ltr'><strong>solu-</strong></span> 
     </span>
     <span class='ocr_line' id='line_1_18' title="bbox 267 2293 593 2377; baseline -0.006 -18"><span class='ocrx_word' id='word_1_135' title='bbox 267 2293 391 2360; x_wconf 88' lang='lat' dir='ltr'><strong>tionem</strong></span> <span class='ocrx_word' id='word_1_136' title='bbox 415 2293 593 2377; x_wconf 85' lang='lat' dir='ltr'><strong>obligatur.</strong></span> 
     </span>
    </p>
   </div>
   <div class='ocr_carea' id='block_1_4' title="bbox 263 2429 1468 3453">
    <p class='ocr_par' dir='ltr' id='par_1_4' title="bbox 263 2429 1468 3453">
     <span class='ocr_line' id='line_1_19' title="bbox 371 2429 1468 2513; baseline 0.004 -20"><span class='ocrx_word' id='word_1_137' title='bbox 371 2431 446 2498; x_wconf 79' lang='lat'><strong><em>472.</em></strong></span> <span class='ocrx_word' id='word_1_138' title='bbox 475 2429 524 2493; x_wconf 85' lang='lat' dir='ltr'><strong>De</strong></span> <span class='ocrx_word' id='word_1_139' title='bbox 545 2433 736 2513; x_wconf 76' lang='lat' dir='ltr'><strong>juratorum</strong></span> <span class='ocrx_word' id='word_1_140' title='bbox 772 2430 954 2494; x_wconf 82' lang='lat' dir='ltr'><strong>testimonio</strong></span> <span class='ocrx_word' id='word_1_141' title='bbox 985 2440 1082 2494; x_wconf 76' lang='lat' dir='ltr'><strong>embra</strong></span> <span class='ocrx_word' id='word_1_142' title='bbox 1110 2451 1188 2494; x_wconf 80' lang='lat' dir='ltr'><strong>scos</strong></span> <span class='ocrx_word' id='word_1_143' title='bbox 1217 2440 1328 2494; x_wconf 80' lang='lat' dir='ltr'><strong>motos.</strong></span> <span class='ocrx_word' id='word_1_144' title='bbox 1368 2430 1468 2497; x_wconf 77' lang='lat' dir='ltr'><strong>Licet</strong></span> 
     </span>
     <span class='ocr_line' id='line_1_20' title="bbox 263 2532 1466 2621; baseline 0.002 -21"><span class='ocrx_word' id='word_1_145' title='bbox 263 2535 371 2621; x_wconf 89' lang='lat' dir='ltr'><strong>jurati</strong></span> <span class='ocrx_word' id='word_1_146' title='bbox 394 2538 492 2602; x_wconf 83' lang='lat' dir='ltr'><strong>extra</strong></span> <span class='ocrx_word' id='word_1_147' title='bbox 512 2538 620 2601; x_wconf 88' lang='lat' dir='ltr'><strong>metas</strong></span> <span class='ocrx_word' id='word_1_148' title='bbox 643 2532 769 2619; x_wconf 80' lang='lat' dir='ltr'><strong>iudicii,</strong></span> <span class='ocrx_word' id='word_1_149' title='bbox 790 2535 826 2602; x_wconf 92' lang='lat' dir='ltr'><strong>in</strong></span> <span class='ocrx_word' id='word_1_150' title='bbox 841 2553 907 2616; x_wconf 91' lang='lat' dir='ltr'><strong>quo</strong></span> <span class='ocrx_word' id='word_1_151' title='bbox 919 2535 1132 2621; x_wconf 85' lang='lat' dir='ltr'><strong>juraverunt,</strong></span> <span class='ocrx_word' id='word_1_152' title='bbox 1149 2534 1298 2620; x_wconf 83' lang='lat' dir='ltr'><strong>vigorem</strong></span> <span class='ocrx_word' id='word_1_153' title='bbox 1313 2537 1466 2602; x_wconf 87' lang='lat' dir='ltr'><strong>testandi</strong></span> 
     </span>
     <span class='ocr_line' id='line_1_21' title="bbox 267 2639 1467 2723; baseline -0.003 -15"><span class='ocrx_word' id='word_1_154' title='bbox 267 2641 322 2709; x_wconf 89' lang='lat' dir='ltr'><strong>vel</strong></span> <span class='ocrx_word' id='word_1_155' title='bbox 346 2657 503 2707; x_wconf 81' lang='lat' dir='ltr'><strong>excessus</strong></span> <span class='ocrx_word' id='word_1_156' title='bbox 526 2640 708 2706; x_wconf 85' lang='lat' dir='ltr'><strong>accusandi</strong></span> <span class='ocrx_word' id='word_1_157' title='bbox 730 2659 795 2706; x_wconf 92' lang='lat' dir='ltr'><strong>non</strong></span> <span class='ocrx_word' id='word_1_158' title='bbox 819 2641 984 2706; x_wconf 88' lang='lat' dir='ltr'><strong>habeant:</strong></span> <span class='ocrx_word' id='word_1_159' title='bbox 1007 2646 1122 2707; x_wconf 91' lang='lat' dir='ltr'><strong>tamen</strong></span> <span class='ocrx_word' id='word_1_160' title='bbox 1145 2658 1204 2723; x_wconf 91' lang='lat' dir='ltr'><strong>pro</strong></span> <span class='ocrx_word' id='word_1_161' title='bbox 1220 2639 1334 2706; x_wconf 87' lang='lat' dir='ltr'><strong>causis</strong></span> <span class='ocrx_word' id='word_1_162' title='bbox 1353 2657 1467 2706; x_wconf 87' lang='lat' dir='ltr'><strong>coram</strong></span> 
     </span>
     <span class='ocr_line' id='line_1_22' title="bbox 268 2741 1465 2828; baseline -0.002 -18"><span class='ocrx_word' id='word_1_163' title='bbox 268 2745 317 2811; x_wconf 88' lang='lat' dir='ltr'><strong>eis</strong></span> <span class='ocrx_word' id='word_1_164' title='bbox 336 2744 442 2810; x_wconf 87' lang='lat' dir='ltr'><strong>iorma</strong></span> <span class='ocrx_word' id='word_1_165' title='bbox 452 2741 580 2827; x_wconf 87' lang='lat' dir='ltr'><strong>judicii,</strong></span> <span class='ocrx_word' id='word_1_166' title='bbox 596 2744 651 2809; x_wconf 85' lang='lat' dir='ltr'><strong>vel</strong></span> <span class='ocrx_word' id='word_1_167' title='bbox 667 2742 897 2828; x_wconf 77' lang='lat' dir='ltr'><strong>amicabiliter,</strong></span> <span class='ocrx_word' id='word_1_168' title='bbox 912 2744 968 2810; x_wconf 90' lang='lat' dir='ltr'><strong>vel</strong></span> <span class='ocrx_word' id='word_1_169' title='bbox 985 2763 1046 2826; x_wconf 87' lang='lat' dir='ltr'><strong>per</strong></span> <span class='ocrx_word' id='word_1_170' title='bbox 1062 2744 1249 2810; x_wconf 88' lang='lat' dir='ltr'><strong>sententias</strong></span> <span class='ocrx_word' id='word_1_171' title='bbox 1266 2742 1465 2810; x_wconf 85' lang='lat' dir='ltr'><strong>diffinitivas</strong></span> 
     </span>
     <span class='ocr_line' id='line_1_23' title="bbox 267 2846 1466 2932; baseline -0.002 -18"><span class='ocrx_word' id='word_1_172' title='bbox 267 2847 445 2931; x_wconf 83' lang='lat' dir='ltr'><strong>expeditis,</strong></span> <span class='ocrx_word' id='word_1_173' title='bbox 483 2865 542 2928; x_wconf 89' lang='lat' dir='ltr'><strong>pro</strong></span> <span class='ocrx_word' id='word_1_174' title='bbox 579 2847 690 2913; x_wconf 86' lang='lat' dir='ltr'><strong>causis</strong></span> <span class='ocrx_word' id='word_1_175' title='bbox 729 2847 889 2932; x_wconf 83' lang='lat' dir='ltr'><strong>legitimis</strong></span> <span class='ocrx_word' id='word_1_176' title='bbox 927 2847 1111 2932; x_wconf 88' lang='lat' dir='ltr'><strong>absentiae,</strong></span> <span class='ocrx_word' id='word_1_177' title='bbox 1151 2866 1237 2928; x_wconf 90' lang='lat' dir='ltr'><strong>qnae</strong></span> <span class='ocrx_word' id='word_1_178' title='bbox 1275 2846 1466 2932; x_wconf 82' lang='lat' dir='ltr'><strong>vulgariter</strong></span> 
     </span>
     <span class='ocr_line' id='line_1_24' title="bbox 271 2951 1466 3036; baseline 0 -18"><span class='ocrx_word' id='word_1_179' title='bbox 271 2951 413 3035; x_wconf 86' lang='lat' dir='ltr'><strong>„ehaft</strong></span> <span class='ocrx_word' id='word_1_180' title='bbox 435 2951 528 3018; x_wconf 88' lang='lat' dir='ltr'><strong>not“</strong></span> <span class='ocrx_word' id='word_1_181' title='bbox 561 2953 728 3029; x_wconf 85' lang='lat' dir='ltr'><strong>dicuntur,</strong></span> <span class='ocrx_word' id='word_1_182' title='bbox 757 2970 817 3034; x_wconf 89' lang='lat' dir='ltr'><strong>pro</strong></span> <span class='ocrx_word' id='word_1_183' title='bbox 841 2951 965 3020; x_wconf 89' lang='lat' dir='ltr'><strong>debitis</strong></span> <span class='ocrx_word' id='word_1_184' title='bbox 986 2952 1202 3036; x_wconf 87' lang='lat' dir='ltr'><strong>justitialiter</strong></span> <span class='ocrx_word' id='word_1_185' title='bbox 1223 2951 1383 3033; x_wconf 87' lang='lat' dir='ltr'><strong>obtentis,</strong></span> <span class='ocrx_word' id='word_1_186' title='bbox 1406 2970 1466 3032; x_wconf 92' lang='lat' dir='ltr'><strong>pro</strong></span> 
     </span>
     <span class='ocr_line' id='line_1_25' title="bbox 268 3054 1466 3139; baseline 0 -17"><span class='ocrx_word' id='word_1_187' title='bbox 268 3055 467 3138; x_wconf 89' lang='lat' dir='ltr'><strong>proscriptis</strong></span> <span class='ocrx_word' id='word_1_188' title='bbox 491 3059 525 3121; x_wconf 90' lang='lat' dir='ltr'><strong>et</strong></span> <span class='ocrx_word' id='word_1_189' title='bbox 548 3054 751 3136; x_wconf 91' lang='lat' dir='ltr'><strong>quibuslibet</strong></span> <span class='ocrx_word' id='word_1_190' title='bbox 774 3055 850 3123; x_wconf 87' lang='lat' dir='ltr'><strong>eliis</strong></span> <span class='ocrx_word' id='word_1_191' title='bbox 875 3056 986 3123; x_wconf 89' lang='lat' dir='ltr'><strong>causis</strong></span> <span class='ocrx_word' id='word_1_192' title='bbox 1015 3055 1252 3139; x_wconf 82' lang='lat' dir='ltr'><strong>criminalibus,</strong></span> <span class='ocrx_word' id='word_1_193' title='bbox 1281 3057 1325 3122; x_wconf 87' lang='lat' dir='ltr'><strong>ad</strong></span> <span class='ocrx_word' id='word_1_194' title='bbox 1355 3073 1466 3136; x_wconf 87' lang='lat' dir='ltr'><strong>quem·</strong></span> 
     </span>
     <span class='ocr_line' id='line_1_26' title="bbox 269 3158 1465 3244; baseline 0.003 -20"><span class='ocrx_word' id='word_1_195' title='bbox 269 3177 407 3240; x_wconf 89' lang='lat' dir='ltr'><strong>cumque</strong></span> <span class='ocrx_word' id='word_1_196' title='bbox 430 3159 537 3226; x_wconf 86' lang='lat' dir='ltr'><strong>locum</strong></span> <span class='ocrx_word' id='word_1_197' title='bbox 558 3158 689 3226; x_wconf 88' lang='lat' dir='ltr'><strong>litteras</strong></span> <span class='ocrx_word' id='word_1_198' title='bbox 714 3177 827 3226; x_wconf 90' lang='lat' dir='ltr'><strong>eorum</strong></span> <span class='ocrx_word' id='word_1_199' title='bbox 851 3164 1009 3242; x_wconf 88' lang='lat' dir='ltr'><strong>patentes</strong></span> <span class='ocrx_word' id='word_1_200' title='bbox 1030 3162 1092 3226; x_wconf 88' lang='lat' dir='ltr'><strong>sub</strong></span> <span class='ocrx_word' id='word_1_201' title='bbox 1116 3160 1237 3244; x_wconf 81' lang='lat' dir='ltr'><strong>sigillis</strong></span> <span class='ocrx_word' id='word_1_202' title='bbox 1255 3159 1465 3228; x_wconf 90' lang='lat' dir='ltr'><strong>authenticis</strong></span> 
     </span>
     <span class='ocr_line' id='line_1_27' title="bbox 268 3262 1465 3347; baseline 0.003 -19"><span class='ocrx_word' id='word_1_203' title='bbox 268 3263 475 3347; x_wconf 84' lang='lat' dir='ltr'><strong>scripserint,</strong></span> <span class='ocrx_word' id='word_1_204' title='bbox 518 3262 585 3329; x_wconf 85' lang='lat' dir='ltr'><strong>illis</strong></span> <span class='ocrx_word' id='word_1_205' title='bbox 616 3263 699 3330; x_wconf 87' lang='lat' dir='ltr'><strong>fides</strong></span> <span class='ocrx_word' id='word_1_206' title='bbox 730 3270 783 3331; x_wconf 88' lang='lat' dir='ltr'><strong>est</strong></span> <span class='ocrx_word' id='word_1_207' title='bbox 813 3264 1004 3331; x_wconf 89' lang='lat' dir='ltr'><strong>adhibenda</strong></span> <span class='ocrx_word' id='word_1_208' title='bbox 1035 3269 1072 3330; x_wconf 90' lang='lat' dir='ltr'><strong>et</strong></span> <span class='ocrx_word' id='word_1_209' title='bbox 1101 3266 1283 3331; x_wconf 88' lang='lat' dir='ltr'><strong>secundum</strong></span> <span class='ocrx_word' id='word_1_210' title='bbox 1316 3263 1465 3346; x_wconf 88' lang='lat' dir='ltr'><strong>ipsarum</strong></span> 
     </span>
     <span class='ocr_line' id='line_1_28' title="bbox 268 3366 995 3453; baseline 0.006 -21"><span class='ocrx_word' id='word_1_211' title='bbox 268 3372 416 3433; x_wconf 89' lang='lat' dir='ltr'><strong>tenorem</strong></span> <span class='ocrx_word' id='word_1_212' title='bbox 436 3366 598 3448; x_wconf 86' lang='lat' dir='ltr'><strong>judicium</strong></span> <span class='ocrx_word' id='word_1_213' title='bbox 622 3374 657 3433; x_wconf 90' lang='lat' dir='ltr'><strong>et</strong></span> <span class='ocrx_word' id='word_1_214' title='bbox 675 3367 809 3453; x_wconf 87' lang='lat' dir='ltr'><strong>justitia</strong></span> <span class='ocrx_word' id='word_1_215' title='bbox 832 3366 995 3436; x_wconf 83' lang='lat' dir='ltr'><strong>facienda.</strong></span> 
     </span>
    </p>
   </div>
   <div class='ocr_carea' id='block_1_5' title="bbox 264 3507 1466 4407">
    <p class='ocr_par' dir='ltr' id='par_1_5' title="bbox 264 3507 1466 4407">
     <span class='ocr_line' id='line_1_29' title="bbox 371 3507 1466 3592; baseline 0.007 -24"><span class='ocrx_word' id='word_1_216' title='bbox 371 3507 444 3574; x_wconf 76' lang='lat'><strong><em>473.</em></strong></span> <span class='ocrx_word' id='word_1_217' title='bbox 484 3508 533 3570; x_wconf 86' lang='lat' dir='ltr'><strong>De</strong></span> <span class='ocrx_word' id='word_1_218' title='bbox 563 3509 753 3590; x_wconf 80' lang='lat' dir='ltr'><strong>juratorum</strong></span> <span class='ocrx_word' id='word_1_219' title='bbox 794 3509 976 3572; x_wconf 78' lang='lat' dir='ltr'><strong>testimonio</strong></span> <span class='ocrx_word' id='word_1_220' title='bbox 1014 3518 1169 3592; x_wconf 76' lang='lat' dir='ltr'><strong>quonium</strong></span> <span class='ocrx_word' id='word_1_221' title='bbox 1206 3508 1252 3573; x_wconf 80' lang='lat' dir='ltr'><strong>od</strong></span> <span class='ocrx_word' id='word_1_222' title='bbox 1287 3529 1466 3576; x_wconf 78' lang='lat' dir='ltr'><strong>numeram.</strong></span> 
     </span>
     <span class='ocr_line' id='line_1_30' title="bbox 269 3609 1465 3698; baseline 0.003 -20"><span class='ocrx_word' id='word_1_223' title='bbox 269 3609 426 3695; x_wconf 84' lang='lat' dir='ltr'><strong>Quamvis</strong></span> <span class='ocrx_word' id='word_1_224' title='bbox 450 3610 676 3678; x_wconf 89' lang='lat' dir='ltr'><strong>testimonium</strong></span> <span class='ocrx_word' id='word_1_225' title='bbox 699 3611 798 3679; x_wconf 87' lang='lat' dir='ltr'><strong>nnius</strong></span> <span class='ocrx_word' id='word_1_226' title='bbox 818 3612 924 3698; x_wconf 88' lang='lat' dir='ltr'><strong>jurati</strong></span> <span class='ocrx_word' id='word_1_227' title='bbox 948 3611 994 3679; x_wconf 89' lang='lat' dir='ltr'><strong>sit</strong></span> <span class='ocrx_word' id='word_1_228' title='bbox 1016 3611 1145 3698; x_wconf 84' lang='lat' dir='ltr'><strong>efficax,</strong></span> <span class='ocrx_word' id='word_1_229' title='bbox 1167 3617 1279 3681; x_wconf 87' lang='lat' dir='ltr'><strong>tamen</strong></span> <span class='ocrx_word' id='word_1_230' title='bbox 1295 3612 1325 3680; x_wconf 90' lang='lat' dir='ltr'><strong>si</strong></span> <span class='ocrx_word' id='word_1_231' title='bbox 1340 3611 1465 3694; x_wconf 88' lang='lat' dir='ltr'><strong>aliquis</strong></span> 
     </span>
     <span class='ocr_line' id='line_1_31' title="bbox 269 3714 1466 3802; baseline 0.003 -22"><span class='ocrx_word' id='word_1_232' title='bbox 269 3733 380 3781; x_wconf 87' lang='lat' dir='ltr'><strong>coram</strong></span> <span class='ocrx_word' id='word_1_233' title='bbox 400 3714 524 3798; x_wconf 86' lang='lat' dir='ltr'><strong>judicio</strong></span> <span class='ocrx_word' id='word_1_234' title='bbox 548 3715 639 3799; x_wconf 86' lang='lat' dir='ltr'><strong>dicit,</strong></span> <span class='ocrx_word' id='word_1_235' title='bbox 663 3733 700 3781; x_wconf 90' lang='lat' dir='ltr'><strong>se</strong></span> <span class='ocrx_word' id='word_1_236' title='bbox 723 3716 809 3782; x_wconf 85' lang='lat' dir='ltr'><strong>velle</strong></span> <span class='ocrx_word' id='word_1_237' title='bbox 827 3718 970 3797; x_wconf 88' lang='lat' dir='ltr'><strong>probare</strong></span> <span class='ocrx_word' id='word_1_238' title='bbox 985 3735 1121 3784; x_wconf 85' lang='lat' dir='ltr'><strong>causam</strong></span> <span class='ocrx_word' id='word_1_239' title='bbox 1136 3736 1229 3784; x_wconf 89' lang='lat' dir='ltr'><strong>suam</strong></span> <span class='ocrx_word' id='word_1_240' title='bbox 1244 3736 1317 3784; x_wconf 90' lang='lat' dir='ltr'><strong>cum</strong></span> <span class='ocrx_word' id='word_1_241' title='bbox 1328 3717 1466 3802; x_wconf 83' lang='lat' dir='ltr'><strong>juratis,</strong></span> 
     </span>
     <span class='ocr_line' id='line_1_32' title="bbox 269 3819 1464 3901; baseline 0.004 -17"><span class='ocrx_word' id='word_1_242' title='bbox 269 3823 411 3901; x_wconf 86' lang='lat' dir='ltr'><strong>oportet,</strong></span> <span class='ocrx_word' id='word_1_243' title='bbox 438 3820 524 3899; x_wconf 91' lang='lat' dir='ltr'><strong>quod</strong></span> <span class='ocrx_word' id='word_1_244' title='bbox 556 3821 599 3884; x_wconf 88' lang='lat' dir='ltr'><strong>ad</strong></span> <span class='ocrx_word' id='word_1_245' title='bbox 629 3819 736 3884; x_wconf 91' lang='lat' dir='ltr'><strong>minus</strong></span> <span class='ocrx_word' id='word_1_246' title='bbox 767 3822 849 3885; x_wconf 89' lang='lat' dir='ltr'><strong>duos</strong></span> <span class='ocrx_word' id='word_1_247' title='bbox 880 3821 1015 3887; x_wconf 83' lang='lat' dir='ltr'><strong>lrabeat.</strong></span> <span class='ocrx_word' id='word_1_248' title='bbox 1047 3820 1191 3888; x_wconf 88' lang='lat' dir='ltr'><strong>Pluralis</strong></span> <span class='ocrx_word' id='word_1_249' title='bbox 1221 3822 1308 3887; x_wconf 91' lang='lat' dir='ltr'><strong>enim</strong></span> <span class='ocrx_word' id='word_1_250' title='bbox 1338 3822 1464 3890; x_wconf 91' lang='lat' dir='ltr'><strong>locutio</strong></span> 
     </span>
     <span class='ocr_line' id='line_1_33' title="bbox 268 3923 1463 4008; baseline 0.001 -19"><span class='ocrx_word' id='word_1_251' title='bbox 268 3925 407 3990; x_wconf 89' lang='lat' dir='ltr'><strong>duorum</strong></span> <span class='ocrx_word' id='word_1_252' title='bbox 430 3940 566 3988; x_wconf 91' lang='lat' dir='ltr'><strong>numero</strong></span> <span class='ocrx_word' id='word_1_253' title='bbox 591 3928 643 3988; x_wconf 89' lang='lat' dir='ltr'><strong>est</strong></span> <span class='ocrx_word' id='word_1_254' title='bbox 665 3927 835 3990; x_wconf 86' lang='lat' dir='ltr'><strong>contenta.</strong></span> <span class='ocrx_word' id='word_1_255' title='bbox 858 3923 893 3990; x_wconf 85' lang='lat' dir='ltr'><strong>Si</strong></span> <span class='ocrx_word' id='word_1_256' title='bbox 917 3928 1030 3992; x_wconf 89' lang='lat' dir='ltr'><strong>antem</strong></span> <span class='ocrx_word' id='word_1_257' title='bbox 1053 3924 1145 4008; x_wconf 86' lang='lat' dir='ltr'><strong>dicit,</strong></span> <span class='ocrx_word' id='word_1_258' title='bbox 1164 3926 1251 4006; x_wconf 93' lang='lat' dir='ltr'><strong>quod</strong></span> <span class='ocrx_word' id='word_1_259' title='bbox 1264 3943 1334 4008; x_wconf 85' lang='lat' dir='ltr'><strong>-per</strong></span> <span class='ocrx_word' id='word_1_260' title='bbox 1350 3943 1463 3992; x_wconf 88' lang='lat' dir='ltr'><strong>omnes</strong></span> 
     </span>
     <span class='ocr_line' id='line_1_34' title="bbox 264 4027 1461 4113; baseline 0.003 -21"><span class='ocrx_word' id='word_1_261' title='bbox 264 4027 396 4109; x_wconf 88' lang='lat' dir='ltr'><strong>juratos</strong></span> <span class='ocrx_word' id='word_1_262' title='bbox 420 4027 562 4108; x_wconf 87' lang='lat' dir='ltr'><strong>probare</strong></span> <span class='ocrx_word' id='word_1_263' title='bbox 587 4027 697 4111; x_wconf 84' lang='lat' dir='ltr'><strong>vellet,</strong></span> <span class='ocrx_word' id='word_1_264' title='bbox 720 4027 776 4094; x_wconf 86' lang='lat' dir='ltr'><strong>vel</strong></span> <span class='ocrx_word' id='word_1_265' title='bbox 797 4045 858 4109; x_wconf 89' lang='lat' dir='ltr'><strong>per</strong></span> <span class='ocrx_word' id='word_1_266' title='bbox 882 4046 951 4112; x_wconf 89' lang='lat' dir='ltr'><strong>sex,</strong></span> <span class='ocrx_word' id='word_1_267' title='bbox 967 4029 1022 4098; x_wconf 84' lang='lat' dir='ltr'><strong>vel</strong></span> <span class='ocrx_word' id='word_1_268' title='bbox 1041 4048 1100 4112; x_wconf 89' lang='lat' dir='ltr'><strong>per</strong></span> <span class='ocrx_word' id='word_1_269' title='bbox 1116 4036 1201 4113; x_wconf 91' lang='lat' dir='ltr'><strong>octo,</strong></span> <span class='ocrx_word' id='word_1_270' title='bbox 1216 4033 1360 4113; x_wconf 87' lang='lat' dir='ltr'><strong>oportet,</strong></span> <span class='ocrx_word' id='word_1_271' title='bbox 1375 4031 1461 4112; x_wconf 91' lang='lat' dir='ltr'><strong>quod</strong></span> 
     </span>
     <span class='ocr_line' id='line_1_35' title="bbox 269 4131 1462 4219; baseline 0.003 -23"><span class='ocrx_word' id='word_1_272' title='bbox 269 4149 330 4214; x_wconf 89' lang='lat' dir='ltr'><strong>per</strong></span> <span class='ocrx_word' id='word_1_273' title='bbox 352 4149 474 4213; x_wconf 84' lang='lat' dir='ltr'><strong>ornnes,</strong></span> <span class='ocrx_word' id='word_1_274' title='bbox 498 4131 555 4212; x_wconf 90' lang='lat' dir='ltr'><strong>qui</strong></span> <span class='ocrx_word' id='word_1_275' title='bbox 578 4133 620 4198; x_wconf 90' lang='lat' dir='ltr'><strong>ad</strong></span> <span class='ocrx_word' id='word_1_276' title='bbox 644 4131 732 4198; x_wconf 89' lang='lat' dir='ltr'><strong>idem</strong></span> <span class='ocrx_word' id='word_1_277' title='bbox 749 4132 910 4216; x_wconf 86' lang='lat' dir='ltr'><strong>judicium</strong></span> <span class='ocrx_word' id='word_1_278' title='bbox 934 4134 1115 4217; x_wconf 88' lang='lat' dir='ltr'><strong>pertinent,</strong></span> <span class='ocrx_word' id='word_1_279' title='bbox 1137 4135 1193 4200; x_wconf 92' lang='lat' dir='ltr'><strong>vel</strong></span> <span class='ocrx_word' id='word_1_280' title='bbox 1215 4152 1276 4216; x_wconf 86' lang='lat' dir='ltr'><strong>per</strong></span> <span class='ocrx_word' id='word_1_281' title='bbox 1296 4139 1359 4219; x_wconf 91' lang='lat' dir='ltr'><strong>tot,</strong></span> <span class='ocrx_word' id='word_1_282' title='bbox 1375 4135 1462 4202; x_wconf 86' lang='lat' dir='ltr'><strong>sieut</strong></span> 
     </span>
     <span class='ocr_line' id='line_1_36' title="bbox 268 4235 1462 4322; baseline 0.003 -21"><span class='ocrx_word' id='word_1_283' title='bbox 268 4235 303 4301; x_wconf 92' lang='lat' dir='ltr'><strong>in</strong></span> <span class='ocrx_word' id='word_1_284' title='bbox 325 4253 460 4301; x_wconf 87' lang='lat' dir='ltr'><strong>numero</strong></span> <span class='ocrx_word' id='word_1_285' title='bbox 483 4237 659 4320; x_wconf 81' lang='lat' dir='ltr'><strong>expressit,</strong></span> <span class='ocrx_word' id='word_1_286' title='bbox 686 4255 821 4304; x_wconf 87' lang='lat' dir='ltr'><strong>causam</strong></span> <span class='ocrx_word' id='word_1_287' title='bbox 852 4257 944 4304; x_wconf 90' lang='lat' dir='ltr'><strong>suam</strong></span> <span class='ocrx_word' id='word_1_288' title='bbox 974 4239 1109 4322; x_wconf 82' lang='lat' dir='ltr'><strong>probet3</strong></span> <span class='ocrx_word' id='word_1_289' title='bbox 1139 4237 1266 4320; x_wconf 89' lang='lat' dir='ltr'><strong>aliquin</strong></span> <span class='ocrx_word' id='word_1_290' title='bbox 1294 4240 1331 4307; x_wconf 91' lang='lat' dir='ltr'><strong>in</strong></span> <span class='ocrx_word' id='word_1_291' title='bbox 1362 4257 1462 4307; x_wconf 87' lang='lat' dir='ltr'><strong>causa</strong></span> 
     </span>
     <span class='ocr_line' id='line_1_37' title="bbox 269 4341 462 4407; baseline -0.01 -1"><span class='ocrx_word' id='word_1_292' title='bbox 269 4341 462 4407; x_wconf 89' lang='lat' dir='ltr'><strong>succumbit.</strong></span> 
     </span>
    </p>
   </div>
   <div class='ocr_carea' id='block_1_6' title="bbox 0 0 1642 5009">
    <p class='ocr_par' dir='ltr' id='par_1_6' title="bbox 0 0 1642 5009">
     <span class='ocr_line' id='line_1_38' title="bbox 0 0 1642 5009; baseline 0 2"><span class='ocrx_word' id='word_1_293' title='bbox 0 0 1642 5009; x_wconf 95' lang='lat' dir='ltr'><strong> </strong></span> 
     </span>
    </p>
   </div>
  </div>
 </body>
</html>
