3275 5009
656 359 825 418 Brunensee.
969 373 974 387 ·
1287 362 1340 414 137

135 571 246 651 ipsum
281 589 379 652 quam
411 570 512 654 illum,
546 571 602 651 qui
637 589 707 638 rem
742 571 897 654 perdidit,
930 575 1062 637 secrete
1094 568 1272 651 peraudire
1303 573 1339 636 et

133 692 315 758 personam
340 679 533 742 accusatam
558 680 686 758 notare,
709 675 739 741 si
760 673 919 741 fortassis
941 672 1074 740 infamis
1098 673 1191 755 prins
1214 673 1339 758 extitit,

135 780 191 846 uel
214 779 244 845 si
268 779 304 845 in
327 782 499 862 posterum
521 780 564 844 de
587 779 662 860 ipsa
684 795 784 847 casus
807 777 925 846 similis
948 777 1111 845 eveniret.

243 910 322 975 308.
353 908 404 971 De
427 906 526 992 furto
565 907 732 993 pullorum
769 931 826 973 scu
863 917 990 971 coctum
1027 907 1078 972 ccl
1114 908 1339 976 consimilium.

133 1012 173 1079 ai
195 1013 273 1092 quis
295 1010 423 1078 furtum
446 1010 607 1093 pullorum
629 1030 689 1079 seu
712 1017 849 1079 anetum
871 1011 927 1080 vel
953 1012 1170 1080 consimilium
1193 1011 1228 1080 in
1244 1015 1339 1080 domo

133 1116 281 1200 aliouJus
305 1116 439 1195 quaerit
462 1118 497 1181 et
520 1119 562 1183 ab
585 1115 719 1197 hospite
745 1118 862 1182 domus
892 1134 1003 1183 eoram
1033 1117 1193 1201 magistro
1217 1117 1339 1185 civium

133 1221 264 1287 citatus
288 1220 397 1302 ipsum
418 1237 529 1286 eoram
552 1221 666 1286 eodem
695 1219 856 1304 magistro
887 1219 1009 1287 civium
1038 1221 1152 1288 vorbis
1182 1221 1338 1288 indecen-

134 1324 228 1391 tibus
252 1323 341 1390 male
364 1327 517 1390 tractans
540 1323 653 1407 arguit
676 1342 736 1406 pro
758 1323 821 1389 tali
835 1324 978 1390 introitu
1003 1325 1216 1391 indecenter:
1239 1342 1339 1405 quae·

133 1429 233 1512 nitur,
273 1428 420 1508 qualiter
458 1425 539 1494 talia
577 1431 681 1495 verba
726 1429 906 1495 inhonesta
950 1431 1096 1496 debeant
1142 1429 1339 1496 emendari?

136 1532 190 1598 Et
229 1533 546 1614 respondetur:
584 1533 638 1598 Ex
676 1549 740 1617 quo
779 1552 890 1600 coram
923 1533 1085 1624 magistro
1119 1534 1251 1617 civium,
1282 1533 1340 1614 qui

136 1636 271 1704 ratione
308 1636 407 1704 officii
440 1637 659 1720 magistratus
693 1640 753 1719 pio
786 1638 844 1704 illo
878 1642 1028 1720 tempore
1062 1639 1129 1704 vim
1164 1643 1200 1704 et
1232 1638 1339 1705 locum

133 1742 279 1806 duorum
304 1741 393 1824 gerit
411 1743 610 1826 juratorum,
633 1743 737 1810 verba
759 1741 952 1809 indecentia
967 1747 1047 1808 suut
1062 1742 1205 1824 prolata,
1228 1742 1258 1807 is
1284 1741 1341 1821 qui

133 1863 178 1911 ea
206 1844 362 1927 protulit,
391 1845 501 1911 solvet
529 1862 589 1927 pro
621 1847 762 1912 emenda
788 1846 823 1911 Χ
845 1845 983 1930 talenta,
1015 1848 1055 1911 de
1087 1846 1206 1926 quibus
1234 1844 1340 1929 judici

132 1951 263 2016 cedunt
288 1951 374 2016 duae
396 1953 512 2031 partes
536 1954 571 2015 et
594 1950 699 2016 tertia
735 1949 886 2030 civitati3
919 1955 1040 2033 arguto
1063 1956 1174 2016 autem
1199 1949 1340 2031 pecunia

136 2070 203 2119 non
236 2054 400 2137 solvatur,
434 2056 493 2122 sed
526 2057 656 2120 tantum
692 2074 753 2137 per
786 2058 908 2136 probos
942 2055 1033 2121 viros
1064 2054 1095 2119 ei
1126 2053 1339 2122 reverentiae

134 2157 301 2225 exhibitio
318 2160 525 2226 ostendatur.
548 2157 595 2224 Et
617 2164 730 2241 uota,
747 2161 836 2239 quod
856 2176 914 2239 pro
930 2176 1087 2240 pecorum
1103 2162 1137 2223 et
1153 2156 1340 2223 volatilium

137 2263 337 2346 perditione,
360 2263 599 2342 quaeratione
622 2267 787 2346 carentes,
822 2282 895 2329 cum
926 2281 993 2328 non
1025 2263 1270 2343 custodiuntur,
1299 2262 1341 2327 de

137 2365 209 2433 ioco
240 2370 287 2434 ad
308 2368 416 2433 locum
447 2371 586 2433 currunt
617 2375 652 2433 et
683 2366 809 2449 volant,
842 2367 965 2434 bomini
996 2369 1126 2434 domum
1156 2366 1260 2432 vicini
1290 2367 1342 2433 sui

134 2474 330 2550 ¹quaerendo
353 2469 457 2554 (quod
480 2482 594 2539 tamen
617 2491 677 2553 pro
701 2470 777 2537 aliis
800 2475 901 2539 rebus
924 2472 1066 2554 perditis
1100 2471 1173 2538 siue
1203 2470 1342 2539 licentia

135 2577 174 2639 et
196 2576 288 2643 scitu
307 2576 431 2661 judicis
454 2574 566 2642 iacere
590 2595 656 2642 uon
679 2578 796 2660 debet)
818 2575 948 2642 licitum
971 2579 1024 2642 est
1047 2576 1184 2641 intrare.

242 2715 318 2779 309.
341 2715 391 2777 Dc
406 2713 519 2798 fartis
547 2715 807 2797 danrpnatomcm.
839 2715 948 2782 Furta
978 2719 1014 2781 et
1044 2714 1151 2796 spolia
1182 2715 1339 2792 dampna-

138 2819 246 2884 torum
272 2836 339 2885 nou
361 2819 535 2901 pertinent
558 2818 762 2904 adjudices,
786 2821 948 2885 sedeunt
976 2817 1047 2884 suis
1077 2817 1168 2884 veris
1199 2817 1339 2884 dominis

135 2921 362 3006 assignanda;
382 2922 471 2989 sicut
487 2922 573 2988 enim
590 2925 633 2989 ad
645 2923 777 3006 judices
793 2923 943 3005 pertinet
958 2921 1125 2988 maleficos
1142 2920 1341 3004 interficere,

140 3022 189 3091 sic
211 3027 315 3093 etiam
333 3027 436 3110 justis
458 3032 594 3092 tenetur
622 3029 709 3092 bona
738 3027 885 3109 ipsorum
916 3025 1107 3107 restituere,
1136 3025 1234 3106 pleno
1254 3026 1341 3108 jure.

244 3167 318 3232 310.
342 3165 395 3228 Dc
409 3165 507 3250 forti
528 3167 773 3249 expuo-potione.
805 3167 997 3233 Accusatus
1027 3163 1103 3231 boni
1134 3164 1275 3229 nominis
1306 3168 1341 3230 et

140 3265 303 3336 honestae
326 3269 445 3344 famae,
468 3272 557 3351 apud
580 3289 678 3350 quem
701 3288 763 3335 uec
787 3270 928 3352 spolium
951 3287 1013 3335 uec
1028 3267 1152 3333 furtum
1167 3266 1340 3335 inventum

142 3368 252 3454 fuerit,
287 3374 405 3441 melius
439 3378 553 3455 potest
587 3376 765 3440 ostendere
796 3392 833 3442 se
867 3375 1088 3455 innocentem,
1119 3388 1217 3454 quam
1251 3370 1341 3437 vinei

144 3477 248 3553 possit
271 3496 332 3561 per
355 3483 580 3545 accusantem.

245 3609 318 3676 311.
341 3608 392 3670 Dc
407 3608 506 3692 farto
525 3629 590 3691 per
612 3630 737 3672 neroum
758 3616 960 3694 perpetrato.
983 3605 1019 3673 Si
1040 3605 1189 3672 dominus
1207 3623 1341 3671 servum

142 3708 199 3774 diu
223 3731 243 3778 a
267 3731 353 3795 pane
378 3729 437 3778 suo
461 3711 643 3778 alienatum
666 3711 766 3779 hodie
789 3714 831 3778 de
854 3711 944 3779 furto
967 3711 1003 3776 iu
1026 3713 1119 3777 domo
1143 3728 1214 3792 sua,
1234 3710 1340 3792 prius·

142 3828 238 3890 quam
260 3821 458 3900 reacceptus
474 3821 537 3901 est,
552 3821 746 3898 perpetrato
763 3820 919 3883 accusat:
936 3815 1006 3881 solo
1018 3815 1210 3899 juramento
1228 3819 1341 3895 potest

146 3932 183 3982 se
205 3938 410 4005 expurgar03
441 3922 614 3988 dummodo
636 3919 840 4002 protestatio
863 3920 904 3985 de
926 3917 1017 3985 iurto
1048 3917 1160 3984 debito
1189 3924 1341 3998 tempore

147 4035 209 4088 uon
229 4024 333 4091 fuerit
354 4025 568 4108 interposita,
591 4025 647 4093 vel
670 4025 699 4090 si
722 4023 756 4090 in
780 4025 895 4089 eodem
918 4021 1001 4104 loco,
1017 4020 1074 4088 ubi
1089 4020 1251 4107 deminuo,
1267 4026 1341 4088 erat

144 4125 181 4186 et
201 4144 265 4194 non
288 4128 387 4212 louge
410 4128 532 4193 absens
555 4125 668 4193 fuerit.
690 4127 737 4192 Et
760 4131 813 4193 est
837 4128 922 4193 bene
945 4125 1204 4207 deliberandum,
1227 4130 1338 4192 utrum

148 4225 221 4296 talis
251 4238 329 4313 post
362 4249 483 4297 anuum
518 4231 559 4297 de
593 4228 682 4296 furto
705 4249 742 4297 se
766 4249 954 4313 expurgare
987 4230 1113 4296 debens
1136 4227 1171 4295 iu
1191 4229 1336 4314 jurando

148 4329 305 4420 ,boiuug“
330 4335 455 4401 babere
479 4333 596 4416 possit.
