3275 5009
278 341 328 396 teo
791 339 958 394 Sententiae

272 548 405 634 garitcr
428 548 551 616 dictam
583 549 763 632 „notwer“,
794 564 860 614 non
890 552 1005 630 potest
1035 547 1284 614 rationabiliter
1308 547 1471 631 allegare.

272 651 367 736 Ergo
391 653 435 720 ad
458 655 661 735 probandam
685 651 911 720 defensionem
934 658 970 719 et
992 651 1057 719 vim
1088 650 1154 718 sibi
1182 651 1307 719 factam
1336 653 1470 720 admitti

271 759 457 824 secundum
476 755 643 840 justitiam
666 776 732 824 non
754 759 857 824 debet
878 755 1023 840 proprie,
1045 774 1186 837 namque
1203 757 1400 840 judicandus
1414 767 1471 823 est

269 859 438 946 defensor,
461 861 517 942 qui
541 880 606 928 non
630 861 723 928 dedit
752 879 888 943 operam
918 862 968 929 rei
997 861 1148 944 illicitae,
1178 866 1214 928 at
1247 861 1393 943 quinon
1415 869 1471 929 est

269 970 375 1047 caput
404 964 555 1032 insaniae
584 969 624 1032 ac
654 965 785 1033 initium
820 966 926 1050 rixae,
958 973 994 1034 et
1023 967 1165 1032 maxime
1192 966 1250 1047 qui
1282 967 1347 1033 alio
1370 969 1467 1033 modo

264 1070 417 1146 evadere
442 1089 509 1138 non
532 1074 645 1153 potest
668 1088 851 1155 evasuram,
873 1069 939 1137 nisi
961 1089 1037 1136 eum
1060 1069 1193 1138 mutilet
1214 1070 1270 1137 val
1293 1071 1432 1138 occidat

378 1228 451 1292 369.
478 1229 530 1292 Dc
545 1227 707 1294 bomim'dc
714 1227 874 1312 sapidior.
900 1227 999 1294 Licet
1017 1231 1196 1294 accusatus
1214 1245 1272 1310 pro
1285 1226 1473 1310 homicidio,

274 1331 380 1413 primo
404 1331 535 1400 ratione
557 1331 714 1399 fortassis
741 1337 850 1398 metus
881 1331 1060 1398 amicorum
1089 1331 1173 1398 laesi
1203 1331 1259 1398 vel
1280 1331 1348 1400 alia
1370 1349 1473 1412 quae-

257 1453 413 1526 cumque
436 1441 550 1521 causa,
571 1436 725 1521 fugiendo
750 1438 913 1518 discedat,
937 1442 972 1503 et
994 1435 1123 1517 aliquot
1149 1436 1279 1503 vicibus
1302 1435 1408 1502 citare
1431 1455 1470 1502 se

273 1540 465 1622 permittat:
489 1545 602 1608 tamen
625 1541 733 1608 adbuc
766 1540 887 1608 ultimo
910 1538 1038 1622 judicio
1071 1546 1186 1623 potest
1218 1558 1413 1622 comparere
1435 1544 1472 1606 et

273 1637 504 1713 defensionem
527 1644 775 1712 rationabiliter
797 1647 957 1730 allegare.

376 1801 449 1868 370.
472 1799 523 1864 Dc
545 1800 716 1864 homicidii
736 1804 953 1870 maureliaco.
975 1801 1011 1868 si
1034 1819 1118 1868 uxor
1140 1819 1199 1885 pro
1222 1800 1388 1868 occisione
1404 1819 1475 1868 ma·

272 1904 332 1972 riti
358 1904 528 1990 justitiam
550 1909 586 1972 et
603 1903 766 1990 judicium
788 1904 852 1972 sibi
875 1906 949 1973 fieri
983 1907 1080 1989 petit,
1113 1905 1208 1989 pueri
1241 1924 1322 1972 vero
1355 1906 1477 1993 ipsius,

270 2011 346 2078 sive
365 2009 489 2076 uterini
504 2010 579 2078 sive
593 2009 751 2096 privigni,
765 2009 929 2096 justitium
943 2014 1220 2092 contempnentes
1234 2028 1344 2077 coram
1356 2013 1475 2095 jndice

269 2119 308 2182 ct
330 2115 453 2197 judicio
487 2114 719 2195 confiteantur,
755 2117 848 2196 quod
876 2133 937 2196 per
970 2133 1007 2180 aa
1042 2121 1184 2181 mortem
1217 2115 1324 2196 patris
1358 2134 1474 2184 corun

273 2219 447 2288 vindicare
480 2219 605 2286 velint:
646 2220 829 2287 rebellione
877 2238 938 2286 seu
970 2224 1161 2302 contemptu
1195 2238 1372 2302 puerorum
1407 2237 1475 2287 non

273 2325 441 2408 obstante,
465 2325 563 2392 uxori
585 2325 737 2408 poscenti
760 2343 826 2390 uon
850 2330 903 2391 est
914 2324 1000 2409 juris
1016 2324 1212 2391 beneficium
1228 2327 1476 2408 denegandum.

269 2427 319 2493 Et
342 2428 454 2512 etiam,
486 2429 515 2494 si
550 2431 594 2495 ad
627 2430 817 2496 mandatnm
844 2428 971 2512 judicis
999 2430 1095 2510 pueri
1121 2427 1283 2511 judicium
1316 2430 1471 2510 recipere

271 2532 392 2601 frivole
408 2535 650 2616 recusaverint,
666 2552 743 2601 rens
757 2538 810 2599 est
822 2535 864 2600 ab
877 2533 960 2615 ipsis
973 2533 1222 2600 sententialiter
1233 2533 1470 2610 absolvendus,

271 2641 308 2704 et
330 2637 478 2723 insuper,
505 2637 534 2704 si
569 2637 667 2721 petit,
697 2637 909 2720 fidejussoria
943 2637 1097 2705 cautione
1131 2642 1210 2704 sunt
1232 2637 1472 2722 restringendi,

267 2742 358 2824 quod
380 2742 502 2808 malum
528 2741 599 2826 ejus
623 2759 690 2808 non
713 2751 887 2824 quaeram.

375 2881 718 2947 ennoematicae
744 2865 910 2964 pacatico.
939 2879 976 2949 si
1004 2885 1184 2949 accusatus
1214 2883 1258 2948 ae
1292 2880 1472 2948 noniano

269 2985 382 3054 tribua
402 2985 486 3052 XIV
509 2985 627 3052 diebm
649 2987 808 3052 detentus
831 2984 944 3068 inerit,
959 2992 995 3051 et
1006 2987 1112 3069 judex
1138 2990 1175 3051 et
1185 2985 1293 3070 jurati
1307 2985 1473 3065 nesciant,

272 3094 383 3156 utrum
405 3107 484 3155 rena
508 3090 553 3156 sit
575 3089 631 3156 vel
654 3108 728 3172 non,
751 3089 943 3170 nullumque
966 3087 1209 3156 defendiculnm
1240 3092 1330 3171 apud
1353 3089 1474 3170 ipsum,

272 3211 346 3258 cum
360 3193 566 3276 capiebatur,
578 3193 749 3260 iuvencum
764 3192 878 3270 fuerit,
894 3193 1069 3272 nullusque
1093 3195 1134 3259 de
1149 3193 1221 3274 ipso
1238 3199 1475 3273 conqueratur,

270 3313 333 3362 nec
359 3296 522 3378 judicium
560 3296 625 3362 sibi
666 3298 739 3364 fieri
778 3298 882 3380 petit:
915 3318 936 3364 a
965 3296 1107 3364 vinculis
1138 3304 1252 3380 potest
1281 3295 1412 3364 absolvi
1433 3304 1472 3362 et

264 3399 355 3468 liber
378 3399 514 3468 dimitti.

373 3539 447 3607 372.
459 3537 509 3602 Dc
525 3539 697 3603 homicidio
705 3549 894 3624 procurato.
906 3538 970 3623 Qui
981 3542 1118 3606 mandat
1130 3539 1273 3620 aliquem
1285 3538 1474 3622 verberari,

269 3644 349 3711 licet
373 3660 532 3727 expresse
557 3641 808 3728 p1·0bibeat,ne
832 3644 1016 3727 occidatur,
1050 3643 1084 3708 in
1107 3644 1279 3710 emendam
1302 3643 1473 3709 homicidii

270 3748 398 3832 incidit,
422 3749 452 3814 si
477 3750 662 3814 verberans
696 3748 845 3814 mandati
878 3749 962 3815 fines
997 3749 1163 3814 excedens
1195 3746 1286 3812 illum
1319 3747 1473 3828 occidat,

270 3871 346 3918 cnm
368 3855 554 3920 mandator
573 3853 607 3917 in
632 3852 729 3934 culpa
758 3852 862 3919 fucrit
885 3858 922 3920 et
943 3853 1006 3919 boc
1035 3851 1172 3918 evenire
1195 3853 1237 3917 dc
1267 3851 1339 3934 ipso
1370 3870 1471 3934 posse

266 3957 427 4024 debuerit
448 3956 613 4040 cogitare.

375 4096 448 4162 373,
473 4097 523 4160 Dc
546 4095 718 4160 homicidio
742 4103 895 4179 quantum
918 4094 963 4158 ad
984 4095 1176 4179 homagium.
1196 4092 1343 4160 Ratione
1366 4093 1469 4159 homi·

264 4197 348 4265 cidii
382 4197 515 4283 sufficit,
550 4199 748 4266 homicidam
780 4217 823 4265 ex
856 4197 968 4281 rigore
1002 4199 1090 4284 juris
1123 4198 1218 4266 uxori
1249 4216 1310 4280 pro
1336 4197 1468 4278 marito,

264 4302 380 4384 pueris
388 4318 448 4387 pro
456 4308 563 4386 patre,
571 4309 607 4369 et
619 4303 693 4369 aliis
707 4301 896 4386 conjugatis
908 4303 1008 4369 occisi
1022 4322 1081 4385 pro
1095 4300 1466 4384 eorumconsnnguineo
