3275 5009
675 366 843 421 Brunensea
1306 371 1356 423 201

164 574 271 656 potius
304 574 409 660 jurati
440 593 553 642 curam
584 575 663 642 talis
694 576 895 657 provisionis
926 580 1107 645 secundum
1138 596 1250 645 eorum
1283 596 1357 644 con·

165 679 336 747 scientiam
374 681 496 746 debent
534 681 742 746 committere
776 681 889 763 probis
924 681 1016 748 viris.
1050 682 1209 750 Mulieres
1246 686 1359 749 tamen

168 784 282 851 viduae
306 802 418 850 curam
440 783 583 851 filiorum
606 790 642 851 et
664 787 833 869 bonorum,
856 787 1013 866 quamdiu
1035 790 1161 852 statum
1181 787 1358 855 viduitatis

165 907 228 955 non
249 894 390 968 mutant,
420 887 513 956 licite
537 893 669 971 regunt.
700 890 828 957 Dicunt
859 890 943 956 euim
973 891 1060 958 Jura
1083 890 1271 974 Originalia
1293 891 1358 958 sic:

170 993 369 1076 „statuimus
381 993 526 1076 insuper,
539 997 626 1074 quod
643 995 838 1075 quicumque
855 994 977 1061 civium
992 995 1161 1077 moriatur,
1179 995 1208 1060 si
1223 1013 1358 1061 umorem

166 1097 317 1165 habuerit
339 1098 395 1166 vel
417 1098 550 1182 liberos,
571 1099 676 1183 judex
699 1099 754 1166 vel
773 1099 882 1184 jurati
904 1117 1111 1179 nequaquam
1134 1098 1360 1165 intromittent

161 1221 200 1268 :se
223 1206 263 1269 de
287 1203 382 1270 bonis
398 1203 553 1286 ipsorum,
566 1205 629 1268 'sed
646 1203 714 1269 sint
730 1203 765 1269 in
782 1207 952 1285 potestate
968 1203 1081 1269 uxoris
1097 1208 1133 1270 et
1148 1202 1356 1270 liberorum.“

265 1334 339 1399 503.
378 1329 471 1404 Quod
507 1331 698 1394 mulieribus
737 1354 799 1396 aaa
834 1342 909 1397 sant
942 1333 1168 1420 committenda
1205 1332 1358 1397 arbitria.

155 1436 347 1532 'Secundum
386 1437 531 1520 rigorem
566 1436 720 1521 justitiae
758 1437 952 1503 mulieribus
996 1455 1062 1504 non
1096 1443 1149 1504 est
1182 1437 1357 1504 arbitrium

160 1544 449 1622 -committendum3
483 1561 559 1608 nam
589 1543 688 1625 juxta
722 1541 871 1624 regulam
901 1540 988 1624 juris
1023 1540 1133 1607 civilis
1166 1539 1309 1630 feminae
1340 1561 1360 1607 a

161 1647 301 1730 publicis
325 1645 444 1712 officiis
467 1651 546 1712 sunt
568 1652 724 1712 remotae.

265 1769 338 1834 504.
377 1767 426 1830 De
458 1767 628 1830 milliarum
667 1767 870 1831 hereditaria
902 1768 1060 1850 portione.
1099 1767 1135 1832 Si
1168 1766 1270 1833 vidua
1304 1785 1359 1833 res

164 1874 287 1939 habens
312 1876 347 1937 et
371 1889 499 1954 pueros,
523 1871 678 1937 maritum
701 1871 846 1954 duruerit,
870 1874 904 1936 et
929 1875 1102 1953 postquam
1127 1873 1169 1937 ab
1186 1888 1224 1935 00
1242 1889 1358 1936 carna·

164 1977 239 2044 litor
273 1975 410 2060 cognita
442 1975 566 2059 fuerit,·
588 1977 790 2044 decesserit:
830 1975 938 2057 portio
977 1977 1146 2057 bonorum,
1177 1992 1262 2054 quae
1286 1993 1357 2040 eam

159 2083 389 2164 contingebat,
398 2082 441 2146 ad
452 2080 615 2163 maritum,
629 2081 730 2147 etiam
744 2081 858 2163 pueris
871 2079 1141 2159 reclamantibus,
1153 2078 1359 2146 devolvetur.

164 2185 223 2252 Vir
246 2187 333 2252 enim
357 2204 422 2250 non
446 2185 548 2268 solum
573 2185 732 2268 corporis
755 2185 819 2251 imo
836 2186 993 2250 bonorum
1010 2181 1123 2249 uxoris
1140 2188 1193 2249 est
1209 2181 1358 2248 dominus

160 2299 197 2358 et
221 2295 342 2356 rector.
365 2289 407 2354 In
429 2287 524 2355 bonis
549 2295 659 2354 tamen
684 2291 845 2356 maternis
869 2291 1067 2369 quandoque
1083 2289 1269 2354 succedunt
1286 2305 1359 2368 pro·
1383 2310 1389 2315 f·

164 2395 278 2476 pinqui
297 2394 426 2470 matris,
444 2399 480 2459 et
499 2393 561 2458 hoc
577 2394 651 2477 lege
668 2383 822 2475 superius
837 2394 872 2459 in
889 2393 1023 2460 summis
1049 2395 1116 2474 „de
1139 2392 1359 2458 heredita·

164 2498 300 2565 tibus“
327 2497 446 2582 (prope
470 2497 592 2582 finem).

265 2621 337 2685 505.
360 2620 409 2682 Dc
425 2618 558 2682 muliere
575 2629 674 2702 capia
686 2640 751 2703 pro
766 2618 923 2701 maleficio
940 2630 970 2682 et
986 2620 1214 2704 impraeparata.
1237 2618 1361 2684 Mulier

164 2727 394 2809 impraegnata,
417 2742 476 2804 pro
500 2723 661 2791 maleficio
685 2729 794 2805 capta,
818 2728 957 2807 propter
978 2724 1112 2807 foetum,
1136 2741 1232 2803 quem
1256 2722 1359 2787 habet

164 2830 325 2910 iontem,
355 2829 454 2894 morti
478 2846 543 2894 non
567 2834 620 2894 est
642 2831 816 2910 tradenda,
846 2831 906 2894 sod
937 2829 1109 2894 moderate
1140 2827 1359 2909 flagellanda3

160 2944 199 3003 et
228 2938 258 3002 si
279 2935 394 3004 verbis
426 2935 497 3016 eJus
528 2952 593 2999 non
624 2933 782 3016 creditur,
818 2934 904 3012 quod
938 2932 983 2998 sit
1016 2932 1246 3014 impraegnata,
1279 2935 1359 2995 tunc

164 3043 248 3107 duae
271 3040 428 3106 mulieres
452 3040 613 3105 honestae
644 3039 678 3104 in
707 3036 849 3104 seeretis
880 3054 951 3102 eam
984 3034 1191 3114 examinent3
1223 3034 1359 3114 quaesi

163 3147 288 3212 virtute
308 3143 492 3228 juramenti
515 3147 566 3216 sui
590 3144 846 3226 impraegnatam
869 3141 974 3222 ipsam
998 3143 1214 3222 attestantur,
1236 3137 1285 3203 eis
1306 3143 1360 3204 est

160 3252 374 3317 credendum.

167 3443 169 3449 y
264 3373 336 3436 506.
374 3370 411 3452 Io
442 3368 557 3452 quibas
590 3367 719 3430 casibus
749 3365 868 3430 multia·
891 3366 1105 3429 testimo-niam
1123 3365 1220 3448 ferre
1242 3372 1357 3447 polest.

161 3475 199 3541 'Si
228 3475 346 3542 mulier
377 3470 561 3538 examinari
595 3473 704 3553 debet,
739 3475 850 3537 utrum
884 3469 980 3552 virgo
1016 3467 1061 3532 sit
1095 3468 1267 3549 deflorata,
1304 3467 1359 3533 vel

165 3585 269 3647 utrum
295 3581 341 3646 sit
364 3579 482 3645 mulier
505 3577 738 3659 impraegnata,
761 3576 816 3641 vel
835 3574 864 3639 si
880 3573 914 3638 in
931 3577 1142 3638 contractum
1157 3569 1358 3636 matrimonii

165 3684 385 3750 testimonium
424 3681 579 3764 exigitur,
618 3681 672 3748 vel
704 3681 733 3744 si
764 3696 922 3745 numerus
953 3693 1113 3742 annorum
1146 3672 1358 3740 discretionis

162 3787 301 3872 alicujus
322 3785 457 3871 juvenis
481 3784 527 3851 sit
551 3785 748 3867 probandus,
777 3783 832 3848 vel
848 3781 878 3848 si
893 3779 1013 3858 aliquis
1030 3778 1211 3844 claustrum
1227 3777 1358 3843 intrans

163 3879 200 3976 sin
231 3890 422 3959 dormitorio
454 3887 673 3976 (monialium)
697 3887 751 3953 vel
776 3887 842 3952 alio
864 3885 945 3961 loco,
969 3882 1026 3949 ubi
1048 3882 1204 3948 mulieres
1227 3886 1360 3946 tantum

166 3995 318 4063 habitare
342 3999 599 4072 consueverunt,
623 4009 720 4056 unam
736 4008 778 4054 ex
794 3990 843 4072 qis
861 3988 1013 4054 defloret:
1036 3986 1071 4052 in
1085 3985 1209 4051 talibus
1226 3983 1357 4051 casibus

163 4101 269 4166 ateis
294 4097 519 4165 consimilibus
543 4101 596 4162 est
618 4093 843 4176 recipiendum
866 4089 1090 4158 testimonium
1114 4088 1293 4156 mulierum.

267 4239 341 4304 507.
364 4237 414 4300 Da
438 4232 610 4296 molieram
634 4240 831 4296 testamento.
852 4217 994 4313 Mulier,
1024 4227 1174 4294 existens
1198 4245 1290 4310 uxor,
1317 4228 1359 4292 de

166 4341 251 4422 dote,
274 4340 434 4422 vestibus
452 4338 558 4421 peplis
575 4339 609 4401 et
625 4334 863 4417 consimilibus,
879 4352 963 4414 quae
980 4333 1067 4412 apud
1080 4331 1221 4415 juristas
1239 4348 1361 4413 „para-
