3275 5009
581 348 684 401 292
1633 342 1902 395 Addenda.
1915 364 1926 396 ε

580 551 893 631 subdidit,
940 554 1111 630 quod
1160 551 1403 617 dictam
1448 551 1892 618 hereditatem
1939 552 2008 616 in
2056 551 2284 629 quieta
2316 548 2736 631 possessione
2769 544 2954 611 annis

572 658 708 737 Jam
756 654 1056 736 pluribus
1102 656 1529 736 possedisset,
1595 655 1775 721 nulla
1836 654 1964 719 sibi
2032 673 2152 735 per
2221 652 2589 733 quempiam
2658 653 2955 715 submota

578 777 780 839 super
822 758 1192 841 hujusmodi
1236 760 1646 839 quaestione,
1693 766 1762 823 et
1809 760 1888 823 de
1925 758 2286 840 praedictis
2321 756 2585 838 singula
2608 755 2763 837 jura
2796 753 2954 819 civi·

578 862 742 927 tatis
776 881 922 927 cum
955 864 1475 943 quibuscumque
1507 863 1904 929 accessoriis
1940 862 2391 943 persolvisset.
2439 859 2696 925 Petivit
2735 859 2954 935 itaque

578 966 704 1032 sibi
752 967 1041 1033 inveniri
1104 968 1502 1033 sententiam
1550 974 1620 1033 et
1667 967 1929 1047 dictari,
1993 986 2078 1032 an
2147 984 2275 1031 non
2341 966 2486 1045 ipsa
2552 964 2775 1045 potius
2839 981 2959 1026 sua

576 1076 805 1150 posset
850 1075 919 1135 et
965 1073 1209 1136 debeat
1246 1070 1682 1152 justicialiter
1728 1071 2050 1152 obtinere,
2106 1088 2301 1149 quam
2347 1069 2475 1134 sibi
2524 1074 2793 1148 possent
2842 1084 2959 1147 per

576 1175 775 1241 alium
814 1174 1252 1256 justicialiter
1299 1176 1690 1241 decertari.“

789 1280 1107 1362 Quibus
1154 1280 1680 1361 rescriptum
1725 1278 1923 1344 fuit:
1979 1278 2412 1344 Diffinitivam
2460 1275 2649 1340 vobis
2692 1283 2956 1339 senten-

575 1382 735 1447 tiam
808 1402 1009 1464 super
1075 1384 1275 1449 dictis
1349 1378 1689 1463 placitatis
1757 1381 2262 1448 transcribimus
2319 1380 2387 1446 111
2448 1381 2622 1444 hunc
2669 1381 2961 1443 modum:

576 1484 827 1569 Quodsi
873 1487 1247 1569 Elyzabeth
1296 1488 1512 1552 dictas
1560 1488 1995 1567 hereditateS,
2043 1505 2131 1551 sc.
2177 1487 2433 1549 domum
2494 1491 2564 1547 et
2618 1485 2957 1548 braseato-

576 1591 763 1672 rium,
810 1591 939 1655 sibi
984 1609 1204 1656 coram
1241 1591 1467 1673 judice
1510 1597 1579 1656 et
1603 1592 1868 1674 juratis,
1904 1596 2096 1671 prout
2128 1589 2415 1669 qualitas
2441 1588 2614 1672 juris
2653 1587 2958 1666 posculat,

575 1695 955 1776 resignatas
1024 1713 1171 1761 esse
1240 1706 1309 1760 et
1377 1702 1529 1775 post
1596 1696 2112 1777 resignationem
2193 1694 2470 1759 eandem
2547 1692 2958 1756 hereditates

574 1799 963 1881 hujusmodi,
1015 1818 1189 1863 anno
1243 1807 1312 1865 et
1371 1800 1497 1879 die,
1567 1804 1766 1879 prout
1832 1805 2090 1878 tempus
2152 1796 2702 1880 praescriptionis
2765 1795 2958 1876 petit,

571 1905 823 1981 absque
871 1903 1284 1982 impetitione
1333 1905 1557 1982 quiete
1604 1922 1676 1968 30
1729 1904 2102 1983 possedisse
2157 1901 2556 1980 probaverit,
2590 1905 2842 1963 utatur.
2892 1899 2961 1963 Si

573 2026 730 2073 vero
780 2008 846 2073 in
894 2007 1284 2087 probatione
1321 2008 1693 2088 huJusmodi
1725 2006 2065 2085 defecerit,
2099 2007 2412 2082 Α1330113,
2461 2023 2648 2069 soror
2680 2003 2846 2085 ejuS,
2881 2006 2962 2069 de

574 2112 773 2177 dictis
818 2113 1005 2176 domo
1053 2117 1119 2176 et
1165 2112 1581 2176 braseatorio
1629 2112 2099 2176 hereditariam
2149 2129 2222 2177 se
2269 2110 2766 2193 contingentem
2813 2127 2958 2189 per·

574 2215 778 2296 cipiet
810 2215 1193 2296 portionem.
1238 2214 1401 2301 (60.)

778 2373 886 2438 16.
938 2370 1049 2435 De
1094 2370 1709 2437 arrestatione
1757 2374 1991 2439 boum
2039 2376 2124 2435 et
2169 2388 2649 2435 vaccarum.
2699 2368 2770 2434 Si
2812 2370 2957 2449 quis

569 2474 848 2538 alterius
911 2476 1143 2539 bovem
1190 2478 1307 2538 aut
1353 2492 1625 2539 vaccam
1695 2481 1813 2539 aut
1879 2482 2140 2539 taurum
2214 2492 2518 2556 magnum
2589 2473 2961 2553 impetierit

561 2578 732 2659 jnre,
765 2579 939 2656 quod
973 2578 1219 2643 dicitur
1256 2580 1623 2658 „anvauk“,
1652 2577 1860 2659 Judici
1894 2579 2080 2644 dabit
2112 2578 2251 2643 XII
2291 2578 2634 2656 denarios3
2680 2579 2842 2644 item
2877 2579 2958 2642 de

570 2681 866 2759 quolibet
914 2699 1118 2761 parvo
1165 2681 1296 2745 alio
1345 2695 1631 2759 quatuor
1678 2682 2004 2747 denarios.
2068 2682 2149 2746 It.
2199 2682 2256 2748 si
2302 2682 2453 2761 quis
2499 2681 2767 2760 aliquod
2818 2682 2957 2746 ani-

569 2786 849 2861 malium,
885 2802 1157 2864 parvum
1190 2803 1309 2850 seu
1341 2803 1668 2867 magnum,
1698 2784 1926 2851 furtim
1958 2786 2360 2851 mactaverit
2394 2791 2463 2851 et
2496 2786 2955 2866 deprehensus

569 2889 866 2953 datorem
936 2905 1122 2952 suum
1190 2888 1544 2953 ostendere
1614 2889 2012 2971 nequiverit,
2083 2889 2458 2954 mettertius
2520 2889 2586 2953 in
2635 2907 2834 2954 cruce
2882 2908 2956 2953 se

569 2993 991 3074 expurgabit,
1082 3002 1152 3057 et
1227 2994 1284 3058 si
1360 2993 1697 3071 ceciderit,
1796 3012 1911 3074 pro
1987 2994 2316 3073 qualitate
2392 2994 2628 3076 culpae
2708 2994 2953 3075 judicio

567 3096 900 3174 puniatur.
948 3096 1357 3179 Quicumque
1406 3116 1644 3161 0311103
1691 3100 1776 3162 ad
1820 3097 2029 3164 forum
2078 3099 2348 3163 duxerit
2395 3105 2514 3163 aut
2563 3098 2952 3178 portaverit,

570 3200 861 3280 ejiisdem
932 3201 1153 3265 carnis
1214 3207 1429 3266 cutem
1480 3219 1702 3266 secum
1771 3201 2087 3282 recipiet,
2156 3204 2328 3281 quod
2399 3202 2454 3265 si
2520 3219 2649 3267 non
2696 3201 2954 3283 fecerit,

561 3302 770 3385 judici
817 3302 885 3367 in
931 3303 1070 3368 XII
1118 3304 1411 3368 denariis
1458 3306 1907 3384 respondebit.

772 3460 879 3524 17.
931 3458 1347 3541 Quomodo
1396 3460 1594 3541 equi
1638 3481 1786 3541 pro
1844 3461 2443 3528 sufferatione
2507 3466 2963 3529 arrestari

567 3564 900 3627 debent.
973 3563 1465 3629 sententiatum
1536 3572 1643 3629 est
1710 3565 1817 3629 hic
1874 3565 2199 3631 fratribus
2252 3566 2836 3633 Praedicator-ibus
2882 3575 2950 3633 et

561 3664 752 3730 fabro
799 3667 1000 3753 *dicto
1070 3667 1475 3746 Segensmit:
1548 3667 1718 3751 Quia
1787 3671 2062 3748 antiqua
2132 3673 2536 3736 consuetudo
2612 3669 2946 3738 fabrorum

562 3767 783 3850 fuerit,
829 3773 999 3848 quod
1048 3790 1249 3851 equos
1297 3773 1631 3839 hominum
1676 3773 2083 3857 frequenter,
2131 3791 2324 3852 quum
2373 3777 2459 3839 ad
2499 3773 2946 3842 sufferaudum

563 3872 661 3938 eis
707 3874 1057 3955 ducuntur,
1106 3893 1221 3954 pro
1270 3877 1482 3955 pretio
1531 3895 1670 3957 3110,
1730 3880 1903 3956 (13οᾶ
1949 3876 2123 3942 forte
2170 3896 2209 3942 a
2255 3878 2480 3943 multis
2536 3880 2943 3959 temporibus

564 3976 1027 4058 deservierint,
1076 3979 1379 4043 detinent
1424 3980 1491 4043 in
1538 3980 1677 4043 suis
1724 3979 1998 4045 fabricis
2046 3988 2116 4046 et
2161 3988 2519 4063 arrestant,
2568 4001 2737 4062 quae
2778 3989 2942 4049 tam-

563 4099 753 4159 quam
805 4083 1186 4161 corruptela
1234 4090 1302 4147 et
1340 4085 1494 4179 jux-'g
1522 4085 1862 4150 contraria
1908 4092 2014 4149 est
2061 4086 2374 4152 delenda:
2448 4098 2675 4168 posset
2727 4098 2940 4153 tamen

564 4184 753 4249 saber
819 4203 1052 4264 equum
1126 4205 1240 4266 pro
1309 4187 1538 4269 majori
1607 4190 1830 4253 debito
1900 4190 2224 4273 detinere,
2287 4209 2479 4270 quam
2529 4194 2941 4257 deservisset

562 4288 671 4351 vel
718 4306 906 4366 quam
956 4289 1253 4354 dominus
1302 4290 1456 4369 equi
1515 4291 1644 4355 sibi
1704 4296 2019 4357 teneatur
2078 4294 2187 4360 vel
2250 4295 2448 4360 etiam
2509 4294 2701 4361 faber
2759 4297 2932 4361 mali·
