3275 5009
777 334 944 388 Sententiae

367 541 626 608 redhostire
654 543 841 626 quandoque
871 543 909 607 do
930 547 1008 627 jaro
1038 543 1168 626 aliquid
1197 544 1313 624 deficit.
1342 545 1459 612 Diffi-

262 647 397 713 nitum
437 653 521 714 est:
560 645 655 730 Quod
686 647 918 726 quantominus
955 667 1039 714 uxor
1069 651 1110 714 de
1140 667 1201 715 sua
1230 652 1308 716 dote
1338 651 1459 716 marito

262 753 403 834 dederit,
432 753 643 818 tantominus
678 758 754 833 post
788 741 927 818 mortem
958 752 1072 820 mariti
1107 755 1149 820 de
1184 756 1263 819 dote
1296 755 1360 821 sibi
1396 756 1461 821 sibi

261 858 425 940 promissa
447 856 622 938 percipiet,
644 855 717 938 ipso
735 857 820 940 jure.

296 1075 297 1080 η
366 998 439 1060 195.
466 995 505 1059 δι’
522 1017 588 1080 pro
612 994 763 1058 dotalitio
786 997 950 1059 hereditas
968 997 1078 1074 suerit
1100 995 1254 1081 obliquior.
1282 997 1460 1064 Senten-

261 1101 419 1168 tiatum
444 1105 525 1166 est:
549 1099 584 1166 Si
606 1118 692 1166 unus
716 1102 891 1185 conjugum
916 1120 975 1182 pro
998 1101 1153 1167 dotalitio
1176 1086 1330 1168 inbonis
1356 1105 1461 1170 mobi-

260 1206 348 1272 libus
365 1204 526 1289 promisso
542 1204 642 1270 alteri
658 1205 881 1271 hereditatem
897 1205 1047 1289 obligare
1063 1207 1219 1290 voluerit,
1234 1225 1300 1271 non
1316 1212 1461 1289 oportet

261 1313 348 1391 quod
360 1310 450 1375 illam
463 1311 551 1376 sicut
563 1310 596 1374 in
610 1308 734 1376 debitis
747 1310 972 1377 communibus
984 1310 1058 1376 fieri
1069 1310 1253 1394 consuevit,
1263 1329 1323 1391 per
1335 1329 1461 1380 annum

261 1419 296 1480 et
319 1415 403 1480 diem
427 1419 559 1495 servet,
582 1414 645 1480 imo
663 1413 766 1494 primo
783 1414 837 1481 die
853 1415 1069 1498 obligationis
1085 1415 1236 1481 instante
1252 1417 1460 1482 necessitate

260 1523 374 1600 potest
391 1537 431 1583 ea
446 1516 634 1584 venditioni
649 1536 815 1599 exponere
832 1519 887 1585 vel
901 1519 936 1584 in
952 1519 1108 1584 denarios
1132 1525 1332 1585 convertere
1352 1520 1460 1586 modis

260 1622 336 1688 aliis
359 1621 632 1703 quibuscumque.

364 1762 436 1848 196.
467 1759 666 1823 Dotalitium
695 1763 929 1825 hereditarium
963 1763 1063 1824 rusori
1092 1762 1252 1825 traditum
1278 1771 1389 1846 potest
1420 1784 1461 1825 erc

261 1870 447 1928 necessitate
466 1887 530 1948 per
551 1865 704 1928 maritam
728 1867 772 1928 ad
794 1874 920 1947 tempus
939 1867 1069 1948 eopooi.
1096 1866 1350 1933 Discussum
1374 1871 1459 1932 est:

260 1970 296 2036 Si
318 1969 460 2036 maritus
483 1970 577 2036 uxori
601 1970 771 2054 legitimae
786 1989 905 2053 agrum
920 1970 976 2036 vel
991 1971 1091 2036 aliam
1106 1971 1328 2036 hereditatem
1345 1989 1460 2037 coram

256 2075 370 2159 judice
393 2079 429 2140 et
447 2073 570 2156 juratis
601 2075 731 2140 nomine
763 2074 910 2140 dotalitii
938 2075 1043 2141 libere
1075 2078 1133 2141 dat
1164 2080 1199 2142 et
1229 2075 1393 2159 assignat,
1425 2079 1459 2141 et

260 2182 394 2245 tandem
418 2197 460 2244 ex
481 2179 672 2260 infortunio,
696 2196 762 2245 non
784 2179 862 2245 ludo
890 2179 1089 2262 taxillorum,
1116 2198 1182 2245 non
1212 2179 1360 2262 crapula,
1392 2197 1458 2246 non

260 2284 467 2367 negligentia
502 2283 584 2364 (vid.
617 2286 704 2363 quod
732 2283 904 2350 laboribus
935 2302 1001 2348 non
1031 2284 1196 2366 intendat,
1216 2286 1285 2350 -sed
1317 2283 1458 2350 otiosam

259 2388 365 2454 vitam
388 2387 515 2472 ducat),
539 2407 604 2453 non
627 2391 787 2454 bonorum
810 2387 1038 2471 dissipatione,
1061 2375 1131 2455 nec
1148 2389 1213 2455 alio
1229 2389 1348 2468 quovis
1364 2389 1456 2454 inho·

200 2525 202 2534 ·
259 2497 356 2558 nesto
379 2495 474 2558 modo
499 2495 541 2558 ad
565 2497 693 2557 tantam
717 2494 875 2558 deveniat
906 2493 1059 2574 inopiam,
1091 2496 1178 2578 quod
1202 2511 1239 2559 se
1262 2498 1297 2558 et
1320 2511 1457 2558 uxorem

260 2599 300 2662 de
322 2597 539 2662 mendicitate
562 2615 628 2661 non
652 2598 766 2662 valeat
788 2603 1004 2677 supportare:
1034 2597 1162 2662 licitum
1184 2602 1244 2662 est
1260 2597 1334 2673 sibi,
1362 2599 1456 2663 dota·

258 2702 366 2768 litium
388 2703 506 2783 ipsum,
530 2701 643 2766 uxoris
666 2701 905 2767 reclamatione
928 2721 992 2766 non
1009 2705 1176 2784 obstante,
1192 2704 1236 2767 ad
1251 2706 1382 2784 tempus
1396 2718 1455 2781 pro

259 2807 401 2886 pecunia
436 2822 613 2886 exponere,
648 2823 720 2869 oum
751 2824 817 2885 qua
847 2805 1028 2872 laborando
1059 2807 1177 2872 victus
1199 2806 1264 2872 sibi
1294 2810 1329 2869 et
1359 2803 1456 2870 uxori

260 2911 498 2976 necessitatem
523 2911 675 2977 obtineat
698 2913 734 2975 et
756 2907 926 2975 amictus.'

279 3089 282 3095 ·
362 3050 435 3114 197.
459 3048 629 3112 Dotolt'uor
657 3049 892 3113 hereditoriam
921 3049 1021 3111 uooori
1049 3048 1208 3112 traditam
1231 3057 1358 3132 posteo,
1387 3045 1456 3130 nisi

259 3155 445 3232 consororini,
468 3155 684 3218 creditoribus
709 3153 854 3238 oblo'qorc'
876 3174 937 3214 noo
957 3162 1073 3236 potest.
1100 3153 1191 3221 Civis
1215 3153 1358 3234 quidam,
1381 3168 1453 3218 cum

259 3256 435 3324 distortam
460 3262 494 3323 et
517 3257 740 3325 inordinatam
771 3258 942 3338 aliquanto
965 3262 1114 3341 tempore
1136 3259 1224 3324 ludis
1255 3257 1452 3334 taxillorum,

259 3362 588 3429 commessationibus
613 3368 648 3428 et
671 3363 894 3429 ebrietatibus
917 3363 971 3428 die
988 3367 1155 3444 noctuque
1165 3363 1332 3428 insistens
1348 3361 1451 3447 vitam

205 3452 207 3456 ’
260 3467 421 3550 duxisset,
444 3470 487 3533 ad
512 3467 749 3533 conscientiam
773 3485 942 3549 reversus,
957 3487 1024 3533 non
1042 3468 1188 3552 coactus,
1203 3484 1314 3532 ceram
1325 3463 1450 3548 judicio

258 3571 447 3653 resignavit
469 3571 576 3636 libere
600 3571 694 3636 uxori
718 3589 799 3636 suae
823 3572 950 3636 domum
976 3588 1079 3651 suam,
1102 3588 1163 3652 per
1185 3569 1292 3652 ipsam
1321 3570 1449 3634 ratione

259 3675 404 3740 dotalitii
428 3675 631 3741 hereditarie
655 3676 900 3755 possidendam.
923 3675 969 3738 Et
993 3674 1071 3754 qnia
1094 3679 1172 3740 ante
1190 3674 1449 3758 resignationem

183 3763 184 3768 ἵ
257 3780 360 3845 talem
382 3797 505 3860 pueros
528 3799 600 3845 oum
626 3782 740 3846 eadem
765 3797 868 3845 uxore
892 3779 1011 3845 habuit
1034 3784 1070 3846 et
1091 3786 1168 3862 post
1189 3779 1448 3862 resignationem

258 3884 347 3965 apud
363 3883 513 3948 diversos
531 3883 715 3948 creditores
733 3885 848 3950 debita
859 3883 1057 3965 multiplicia
1070 3883 1447 3950 contraxit2creditores

257 3987 323 4068 ipsi
346 4006 405 4070 pro
430 4005 466 4052 se
489 3988 689 4054 sententiani
714 3988 916 4068 petiverunt,
939 4006 1014 4053 oum
1036 3988 1116 4053 talis
1139 3988 1223 4053 civis
1247 4006 1320 4053 oum
1346 4002 1445 4052 uxore

258 4094 299 4158 de
322 4095 482 4159 bonorum
505 4109 627 4172 eorum,
649 4110 735 4172 qnae
760 4093 842 4172 ipsis
858 4092 1095 4175 mutuaverint,
1111 4094 1152 4157 de
1168 4093 1261 4158 victu
1276 4095 1311 4156 et
1327 4091 1445 4156 amictu

258 4196 322 4262 sibi
356 4197 574 4278 providerint,
616 4197 753 4278 ipseque
792 4197 876 4265 civis
911 4198 1104 4278 praedictus
1143 4195 1251 4262 domni
1284 4200 1445 4275 tamquam

185 4314 189 4324 ·
258 4300 379 4382 hospes
402 4306 436 4366 et
460 4303 611 4367 dominus
628 4302 661 4367 in
677 4301 848 4366 solvendis
865 4300 1015 4367 collectis
1031 4306 1066 4366 et
1082 4298 1280 4366 sufferendis
1295 4298 1444 4364 oneribus
