3275 5009
228 360 264 412 92
744 357 910 412 Sententiae

227 568 406 652 fidejussor
441 566 525 632 alias
559 568 690 633 solvere
722 587 787 634 non
820 566 958 649 habene,
997 566 1201 632 necessitate
1235 566 1422 647 compulsus

227 671 424 748 inevitabili,
448 689 551 752 super
579 673 673 738 domo
704 674 760 738 vel
789 671 989 754 hereditate,
1021 689 1118 751 quarn
1141 670 1252 753 habet,
1277 671 1423 738 debitum

226 777 335 858 ipsum
347 779 408 843 snb
419 778 560 857 dampno
573 777 747 857 conquirit,
758 795 820 843 nec
829 777 878 841 ita
889 776 1011 858 subito,
1022 775 1110 840 sicut
1119 775 1268 840 creditor
1277 774 1422 840 debitum

226 880 343 964 exigit,
377 883 524 947 vendere
559 887 689 963 potest:
722 884 765 946 ad
799 881 997 948 solutionem
1020 880 1099 946 talis
1129 880 1263 962 dampni
1292 881 1422 946 debitor

226 984 430 1067 principalia,
453 986 603 1065 quamvis
625 987 688 1051 hoc
711 1005 776 1052 non
800 987 999 1069 promiserit,
1016 985 1220 1068 obligabitur
1243 985 1314 1066 ipso
1334 984 1417 1067 jure.

226 1088 279 1157 Ex
302 1089 365 1154 hoc
388 1089 484 1172 enim,
507 1093 594 1170 quod
616 1090 793 1173 fidejussor
815 1093 888 1174 fide,
913 1110 1009 1172 quam
1042 1111 1099 1173 pro
1132 1090 1197 1158 alio
1228 1090 1420 1172 interponit,

224 1195 319 1262 abuti
338 1213 403 1260 non
414 1197 524 1278 debet,
536 1195 731 1276 promissum
748 1195 943 1278 principalis
960 1197 1066 1263 debiti
1079 1196 1273 1278 promissum
1287 1195 1421 1276 dampni

224 1299 405 1366 accessorii
428 1301 463 1366 in
485 1317 522 1365 se
545 1299 695 1382 implicat
718 1305 753 1366 et
775 1301 926 1367 includit.

328 1457 401 1518 154.
436 1458 486 1519 De
516 1458 667 1541 dampnis
694 1457 950 1540 contingentibus
982 1480 1023 1522 aar
1051 1455 1246 1540 ucplipeutic
1269 1455 1415 1516 hominis.

170 1614 173 1618 .
223 1559 359 1642 Hospiti
375 1563 415 1626 de
432 1561 581 1646 Lignicz,
605 1563 661 1642 qui
685 1568 828 1643 quatuor
843 1582 924 1630 vase
941 1562 1011 1629 vini
1027 1568 1108 1645 aput
1124 1561 1229 1628 civem
1247 1562 1417 1640 quemdam

221 1670 359 1737 emerat,
383 1665 544 1731 dictatum
569 1672 622 1732 est
645 1667 709 1734 sic:
734 1667 899 1750 Quicquid
923 1667 1055 1749 dampni
1087 1668 1121 1732 in
1149 1682 1241 1747 vase,
1264 1663 1417 1744 quamdiu

221 1768 257 1834 in
281 1770 417 1836 cellario
440 1769 563 1837 domini
587 1772 657 1838 vini
680 1790 780 1853 super
803 1771 903 1856 lignis
927 1770 1026 1838 dictis
1051 1772 1241 1837 kantner
1263 1767 1418 1853 jacuerit,

221 1873 394 1957 acciderit,
415 1875 497 1940 illud
521 1876 671 1941 dominus
695 1876 786 1942 vasis
810 1876 1008 1958 sustinebit;
1039 1883 1213 1957 postquam
1240 1892 1320 1940 vero
1344 1873 1417 1938 vasi

221 1982 351 2044 tractor
374 1979 554 2063 (scbrcter,
576 1980 705 2063 lidum),
731 1981 774 2046 de
795 1997 877 2046 vase
906 1998 966 2062 per
998 1979 1107 2045 scalas
1140 1996 1217 2044 suas
1250 1996 1286 2056 se
1315 1976 1416 2042 intro-

220 2081 359 2164 miserit,
371 2084 548 2164 dampnum
559 2083 685 2150 invase
698 2104 758 2166 per
770 2085 1009 2169 negligentiam
1021 2083 1146 2149 laboris
1160 2083 1210 2149 sui
1220 2083 1416 2166 contingens

220 2185 292 2267 ipse
323 2188 440 2252 solvet
471 2188 519 2252 Et
551 2188 706 2254 similiter
733 2195 858 2271 vector,
891 2207 964 2254 cum
995 2208 1055 2254 vas
1087 2187 1199 2254 currui
1231 2205 1289 2252 suo
1315 2185 1418 2252 fuerit

220 2289 418 2372 impositum,
442 2293 618 2371 dampnum
646 2311 706 2373 per
729 2293 968 2376 negligentiam
991 2299 1152 2359 vecturae
1175 2310 1256 2358 suae
1278 2293 1313 2358 iu
1337 2309 1416 2357 vase

219 2391 344 2460 factum
367 2394 475 2475 ipsum
498 2399 688 2462 secundum·
699 2397 872 2479 justiciam
897 2397 1052 2478 patietur.

325 2552 397 2616 155.
420 2552 474 2613 Ad
498 2554 581 2616 idern
605 2557 777 2617 secundom
791 2559 861 2638 jus.
883 2555 969 2620 Dum
986 2555 1068 2620 civis
1086 2557 1127 2621 de
1143 2556 1336 2639 Prespurga
1352 2558 1414 2622 duo

218 2672 302 2720 vasa
314 2655 486 2737 vini,quae
504 2658 671 2724 Brunnam
688 2661 841 2741 duxerat,
858 2662 1003 2725 vendere
1018 2678 1084 2725 non
1100 2666 1224 2742 posset,
1246 2666 1415 2726 vectorem

217 2776 293 2824 cum
306 2761 432 2825 duobus
445 2763 597 2828 curribus
609 2782 668 2845 pro
682 2765 805 2831 eisdem
815 2766 961 2848 Pragam
971 2764 1129 2830 ducendis
1141 2763 1230 2830 vasis
1242 2766 1416 2844 convenit,

217 2864 272 2943 qui
303 2863 393 2928 vasis
428 2865 511 2946 ipsis
541 2867 575 2931 in
606 2869 759 2934 curribus
790 2870 946 2950 inpositis
977 2872 1019 2934 de
1051 2871 1124 2938 loco
1160 2872 1263 2952 primo
1299 2888 1416 2936 currus

216 2967 341 3032 ducens
356 2973 392 3032 et
408 2969 521 3034 statim
544 2989 641 3036 unum
665 2981 864 3053 pervertens
882 2971 993 3040 vinum
1009 2974 1132 3041 effudit.
1155 2975 1317 3041 Dominus
1335 2993 1413 3058 crgo

216 3069 288 3134 vini
323 3074 491 3137 amborum
524 3093 679 3142 curruum
717 3096 820 3157 equos
859 3097 1035 3160 occupans
1074 3080 1243 3160 quaesivit
1280 3100 1339 3161 pro
1378 3098 1413 3146 se

211 3173 427 3254 justitialiter
454 3178 664 3256 sententiari,
687 3189 796 3246 utrum
829 3184 870 3248 de
902 3201 1058 3264 equorum
1089 3184 1205 3249 talium
1232 3184 1346 3250 valore
1379 3191 1412 3250 et

215 3295 325 3343 rerum
350 3279 489 3346 aliarum
515 3285 672 3366 vectonia,
695 3305 789 3365 quem
814 3306 875 3369 pro
899 3287 987 3354 vinis
1004 3289 1073 3354 suis
1091 3289 1235 3372 Pragam
1251 3287 1411 3354 ducendis

215 3390 428 3465 convenerat,
464 3404 527 3451 non
559 3390 682 3455 debeat
712 3391 776 3456 sibi
810 3411 870 3457 vas
901 3392 971 3457 vini
999 3412 1193 3473 perversum
1217 3400 1253 3459 et
1275 3394 1412 3460 effusum

215 3486 383 3566 persolvi?
408 3488 546 3570 Quidam
571 3499 682 3559 autem
699 3495 842 3560 villanus
862 3498 902 3560 de
919 3496 1065 3580 Gureyn,
1088 3516 1184 3578 quem
1200 3497 1310 3563 dictus
1327 3497 1410 3565 civis

215 3589 256 3652 de
281 3587 472 3675 Prespurga
496 3611 561 3658 non
591 3606 795 3664 convenerat
828 3619 886 3681 pro
917 3608 1063 3683 vectore,
1094 3604 1135 3668 de
1166 3603 1261 3682 equis
1293 3621 1409 3669 currus

213 3693 309 3757 modo
333 3697 485 3773 perversi
508 3717 545 3763 se
568 3699 806 3786 intromittens,
828 3704 985 3785 ipsosque
1010 3724 1082 3771 cum
1107 3725 1207 3773 curru
1231 3725 1308 3772 suos
1333 3725 1408 3772 esse

214 3813 381 3879 asserens,
405 3800 527 3878 petivit
549 3822 607 3884 pro
639 3824 676 3870 se
707 3810 910 3874 sententiam
939 3809 1023 3892 juris
1052 3811 1133 3893 dari,
1165 3816 1275 3876 utrum
1306 3830 1408 3891 equos

213 3901 346 3965 eosdem
370 3921 444 3966 cum
467 3923 575 3988 curru,
599 3927 679 3987 quos
703 3917 832 3978 tantum
848 3913 905 3991 illi,
923 3916 978 3994 qui
994 3935 1053 3996 pro
1071 3922 1207 3983 vectore
1223 3922 1408 3981 conventus

211 4000 333 4118 luerat,
368 4009 599 4093 concessisset,
634 4030 699 4076 non
731 4023 844 4094 posset
875 4036 934 4083 suo
962 4017 1151 4100 juramento
1182 4027 1217 4085 et
1240 4003 1408 4103 fidedigno

213 4125 396 4175 vicinorum
420 4128 552 4178 suorum
575 4117 765 4183 testimonio
789 4120 967 4188 obtinere?

318 4213 451 4294 Super
474 4234 552 4296 quo
578 4220 938 4291 diflinitumfuit:
956 4227 1407 4312 QuodcivisdePrespurga

211 4332 312 4394 equos
336 4319 505 4385 amborum
523 4340 688 4405 curruum,
708 4328 827 4404 quibus
844 4335 969 4412 vector,
985 4350 1081 4410 quern
1098 4320 1310 4416 convenerat,
1328 4334 1408 4401 vina
