3275 5009
277 372 329 425 298
803 376 950 430 Addenda:

277 583 456 665 tutoriove,
487 602 585 663 quum
609 584 801 665 captivitas
825 587 966 667 morbus,
990 591 1093 667 aetas,
1116 585 1308 651 necessaria
1322 576 1466 666 peregri·

276 690 369 753 natio
394 693 429 751 et
452 686 576 753 multae
599 687 686 754 aliae
705 690 819 769 justae
844 706 965 754 causae
989 707 1090 769 saepe
1117 689 1304 754 hominibus
1335 684 1467 767 impedi-

247 853 249 860 ,
277 798 391 857 menta
412 797 504 872 sunt,
516 794 602 870 qnod
617 811 679 874 per
694 812 731 858 se
746 793 837 875 ipsos
854 812 987 859 causam
1004 812 1095 859 suam
1112 795 1231 875 exequi
1247 812 1312 860 non
1328 791 1466 874 possint.

276 894 331 959 It.'
356 900 553 975 procurator
590 915 655 960 non
693 902 907 978 praesumpto
946 898 1148 975 adversario,
1190 897 1254 963 imo
1294 897 1392 963 etiam
1431 913 1467 960 eo

276 1001 454 1082 ignorante
500 999 699 1082 instituitur,
744 1019 982 1081 quemcumque
1029 1003 1219 1083 permiseris
1264 1020 1333 1067 rem
1377 1006 1468 1065 tuam

277 1121 380 1187 agere
403 1109 463 1170 aut
485 1102 673 1181 defendere,
696 1106 753 1171 ille
776 1112 975 1186 procurator
997 1116 1075 1171 tuus
1099 1106 1309 1189 intelligitur.
1344 1106 1469 1170 Tamen

277 1208 307 1273 si
330 1227 409 1290 pars
433 1210 604 1287 corporale
625 1212 849 1304 juramentum
873 1230 933 1291 per
957 1230 993 1276 se
1016 1211 1129 1277 iacere
1152 1213 1283 1291 debeat,
1311 1215 1468 1288 quantum

275 1314 412 1395 adhoc,
436 1322 682 1393 procuratorem
706 1316 874 1381 sustinere
898 1335 962 1381 non
987 1323 1107 1397 potest.
1136 1315 1178 1380 It.
1202 1315 1236 1381 Si
1261 1311 1469 1394 procuratori

278 1435 379 1482 causa
393 1419 566 1483 commissa
578 1418 688 1496 fuerit,
710 1423 796 1498 quod
809 1420 915 1501 ipsam
931 1422 1088 1486 terminet
1105 1439 1177 1485 cum
1194 1418 1304 1501 rigore
1316 1416 1469 1498 justitiae

278 1521 456 1604 mediante,
481 1529 516 1587 et
540 1523 595 1587 ille
616 1522 795 1589 diffinitiva
823 1526 991 1591 sententia
1018 1525 1103 1606 juris
1128 1543 1192 1590 non
1216 1526 1413 1603 exspectata
1436 1518 1470 1583 in

276 1626 424 1691 arbitros
447 1627 699 1708 compromittit:
733 1629 813 1693 talis
842 1630 1086 1709 compromissio
1121 1647 1182 1709 per
1214 1631 1351 1709 partem,
1375 1626 1469 1706 cujus

279 1732 426 1795 mandati
448 1731 531 1797 fines
555 1740 753 1812 procurator
776 1733 932 1811 excessit,
955 1735 989 1797 in
1012 1734 1142 1799 irritum
1167 1732 1292 1811 poterit
1309 1727 1469 1793 revocari.

380 1897 434 1962 34.
459 1897 516 1961 De
549 1900 915 1977 procuratoribus
951 1904 1151 1977 quantum
1186 1898 1237 1961 ad
1270 1896 1469 1959 advenas.

277 2000 356 2066 Cum
402 2002 484 2066 civis
530 2003 663 2081 quidam
701 2002 920 2083 impeteretur
958 2022 1016 2083 pro
1055 2002 1176 2068 debitis
1216 2020 1235 2065 a
1273 1997 1470 2079 quibusdam

276 2105 418 2171 diversis
443 2107 582 2171 advenis
616 2108 822 2171 diversarum
859 2107 1042 2186 civitatum,
1076 2105 1317 2170 sententiatum
1348 2101 1414 2169 fuit
1437 2100 1470 2165 in

275 2215 408 2274 senatu:
433 2209 468 2274 Si
490 2210 675 2291 hujusmodi
708 2211 799 2276 cives
835 2229 876 2275 ex
911 2230 957 2292 eo,
993 2212 1049 2289 qui
1082 2216 1180 2275 extra
1207 2214 1331 2274 terram
1356 2210 1471 2271 essent

276 2313 464 2378 residentes
488 2321 523 2378 et
546 2319 724 2395 propterea
748 2322 929 2381 censentur
950 2314 1110 2396 hospites
1145 2317 1378 2393 procuratores
1411 2327 1471 2373 seu

276 2421 407 2481 ceteros
431 2436 507 2481 suos
531 2418 665 2482 nuntios
690 2437 762 2483 cum
785 2419 894 2483 literis
919 2419 1113 2500 patentibus
1136 2435 1270 2482 suarum
1293 2416 1470 2479 civitatum

275 2521 393 2585 saltem
416 2520 552 2585 formam
577 2523 806 2604 procuratorii,
832 2524 1010 2603 praecipue
1032 2530 1191 2603 quantum
1214 2521 1256 2585 ad
1279 2515 1469 2583 ratihabiti-

276 2644 369 2690 onem
394 2628 651 2707 continentibus,
676 2628 718 2689 ad
735 2644 844 2691 eorum
863 2628 1033 2693 consilium
1051 2628 1233 2705 mitterent,
1250 2624 1315 2689 illis
1332 2631 1471 2687 tenetur

277 2736 312 2794 et
335 2748 447 2794 eorum
467 2731 549 2794 civis
567 2731 784 2812 subscriptus
802 2734 889 2796 sicut
905 2732 987 2812 ipsis
1004 2732 1183 2805 actoribus
1200 2728 1228 2792 si
1245 2726 1470 2808 personaliter

278 2824 500 2915 compareant,
524 2838 565 2899 de
586 2834 719 2917 justitia
742 2839 953 2915 respondere.

382 2936 577 3024 (Residuum
602 2942 643 3003 de
667 2941 940 3021 procuratoribus
964 2958 1087 3019 quaere
1114 2942 1175 3021 „de
1198 2940 1322 3003 Actora
1338 2941 1373 3001 et
1390 2938 1467 3000 reo“

277 3043 472 3124 perplures
496 3043 623 3110 titulos.
652 3044 693 3107 It.
718 3045 805 3107 Nota
830 3046 915 3123 qnod
939 3044 996 3125 illi,
1020 3044 1077 3124 qui
1099 3045 1171 3127 agit
1194 3062 1252 3123 pro
1269 3040 1469 3106 deductione

262 3145 389 3212 vnitoris
412 3147 591 3229 legitimae,
615 3157 811 3227 procurator
834 3154 987 3231 negatur,
1011 3149 1099 3212 sicut
1122 3146 1275 3227 superius
1298 3144 1469 3208 invenitur

276 3252 337 3314 sub
360 3251 469 3315 titulis
489 3252 556 3333 jam
584 3252 707 3332 dictis.)
1098 3252 1100 3257 ’

744 3424 820 3488 Posi
843 3428 902 3487 ori.
926 3423 997 3487 161.

379 3564 432 3629 35.
457 3564 517 3626 Ad
539 3564 645 3627 idem
681 3565 727 3627 dc
760 3563 927 3627 debitis
961 3562 1169 3627 obtentis.
1193 3561 1278 3626 Umb
1302 3560 1380 3641 gelt,
1405 3560 1466 3623 das

166 3657 168 3660 ¹
276 3667 330 3731 cin
353 3686 429 3731 man
453 3667 514 3731 auf
534 3669 597 3731 den
621 3669 746 3731 andern
770 3669 831 3731 mit
853 3668 1010 3731 notreclrt
1033 3668 1092 3730 hat
1109 3667 1297 3744 erstanden,
1315 3668 1465 3743 vorpewt

276 3790 313 3835 er
334 3791 388 3853 ym
412 3774 475 3837 wol
499 3772 570 3835 sein
594 3771 704 3836 berait
727 3771 895 3853 pfenning,
919 3791 969 3837 wo
993 3790 1031 3837 er
1052 3772 1083 3835 ir
1104 3788 1192 3853 ynne
1216 3770 1300 3849 wirt,
1324 3771 1384 3833 das
1405 3786 1466 3833 czu

276 3875 381 3940 einem
419 3879 546 3940 andern
583 3894 711 3957 manne,
750 3878 809 3940 der
846 3877 875 3939 ir
913 3876 982 3940 icht
1015 3894 1059 3957 yn
1094 3876 1162 3955 hat,
1197 3874 1230 3939 in
1264 3873 1465 3954 welcherley

276 3978 357 4043 wcis
381 3982 439 4044 das
464 3999 530 4061 sep.
555 3979 634 4063 (97.)

379 4136 432 4202 36.
456 4136 514 4200 De
538 4135 734 4199 obtentis
758 4135 932 4199 debitis.
964 4136 1080 4217 Kegen
1111 4137 1184 4199 dem
1215 4132 1463 4215 Reychenstein

275 4240 320 4303 ist
336 4242 395 4302 das
417 4239 551 4322 getailt:
576 4240 657 4303 Was
680 4238 795 4321 geldes
818 4240 872 4303 ein
897 4258 970 4304 man
993 4240 1027 4302 in
1052 4240 1110 4303 der
1133 4239 1256 4320 burger
1276 4237 1369 4301 tauel
1383 4238 1463 4301 ader

276 4342 309 4406 in
332 4344 414 4407 irem
436 4345 521 4424 puch
546 4344 744 4426 geschriben
769 4345 837 4424 hat,
869 4361 904 4407 es
933 4361 990 4425 sep
1014 4343 1195 4407 erstanden
1218 4341 1278 4405 mit
1299 4340 1462 4420 notrecht,
