3275 5009
520 362 632 416 220
1378 407 1380 409 ,
1559 365 1890 418 Sententiae

525 572 674 647 toto
741 575 1096 637 revocetur
1156 589 1239 636 ex
1300 590 1521 656 causa,
1581 573 1692 640 vel
1752 573 2123 640 amittatur.
2198 573 2292 640 Et
2361 572 2417 639 si
2480 578 2585 639 est
2630 572 2914 656 dubium,

524 680 750 739 utrum
809 673 1232 759 privilegium
1294 676 1383 742 sit
1443 676 1797 758 personale
1857 678 1967 743 vel
2028 677 2227 755 reale,
2298 677 2444 758 plus
2490 683 2599 744 est
2646 693 2915 758 praesu-

524 778 850 857 mendum,
897 780 1072 859 quod
1119 779 1208 844 sit
1255 780 1606 861 personale
1655 799 1853 860 quam
1901 781 2103 847 reale.

733 938 879 1002 585.
940 936 1041 1031 De·
1093 933 1600 1020 privileqiorum
1662 937 2026 1002 amissione.
2094 935 2527 1019 Privilegium
2588 935 2919 1001 amittitur

523 1039 752 1106 multis
796 1041 1033 1107 modis:
1079 1040 1319 1123 Prim0,
1367 1057 1486 1123 per
1527 1044 1749 1106 actum
1797 1039 2223 1122 contrarium,
2270 1057 2387 1122 per
2433 1057 2626 1119 quem
2673 1038 2914 1118 aliquis

521 1145 873 1210 renuntiat
895 1145 1034 1229 juri
1064 1161 1202 1210 suo.
1247 1143 1572 1225 Secundo,
1601 1144 1821 1226 spatio
1857 1143 2423 1225 praescriptionis,
2469 1144 2719 1225 Tertio,
2749 1148 2913 1209 tem·

522 1266 686 1331 pore
729 1249 1146 1317 limitationis
1192 1247 1436 1329 elapso.
1483 1247 1758 1332 Quarto,
1805 1266 1927 1328 per
1971 1247 2392 1329 sententiam,
2436 1247 2614 1313 sicut
2649 1247 2911 1328 quando

515 1352 765 1433 aliquis
811 1354 1092 1438 alicujus
1138 1355 1223 1420 ad
1286 1370 1521 1434 preces
1569 1371 1759 1418 suum
1811 1352 2100 1436 sigillum
2154 1352 2575 1433 appenderit,
2622 1360 2692 1418 et
2736 1351 2909 1418 idem

520 1457 650 1524 sibi
711 1458 1020 1525 similiter
1076 1463 1409 1541 teneatur,
1476 1456 1653 1523 sicut
1712 1457 1916 1524 etiam
1977 1456 2117 1522 suis
2163 1456 2412 1523 litteris
2466 1463 2750 1539 possunt
2792 1458 2909 1522 de-

445 1642 456 1652 *
517 1565 932 1644 monstrare;
990 1562 1146 1643 quia
1219 1561 1378 1628 talis
1436 1553 1709 1628 videtur
1778 1559 2200 1644 privilegium
2269 1578 2390 1643 per
2460 1565 2682 1627 actum
2751 1578 2905 1628 con-

517 1666 804 1733 trarium
877 1666 1198 1732 amisisse.
1279 1665 1545 1750 Quinte,
1617 1665 1879 1732 tollitur
1954 1665 2372 1747 privilegium
2443 1666 2714 1746 primum
2792 1684 2913 1749 per

516 1771 902 1852 secundum,
932 1768 1186 1836 faciens
1220 1769 1617 1836 mentionem
1666 1787 2050 1852 expressam
2098 1771 2178 1835 de
2228 1770 2465 1852 priore.
2511 1769 2736 1853 Sexto,
2786 1788 2906 1851 per

519 1873 952 1940 concedentis
999 1874 1510 1958 revocationem,
1559 1874 1737 1940 sicut
1768 1874 1825 1940 si
1854 1863 2281 1956 privilegium
2310 1874 2570 1954 aliquas
2604 1873 2904 1941 continet

520 1979 796 2064 gratiaS,
845 1992 1012 2059 quas
1046 1979 1178 2063 ille,
1210 1977 1324 2060 qui
1354 1977 1689 2045 concessit
1717 1984 1788 2044 in
1821 1979 2206 2061 praeterito,
2253 1982 2529 2047 revocat
2560 1977 2629 2045 in
2659 1976 2907 2045 tuturo.

518 2082 815 2166 Septimo
881 2081 1220 2149 amittitur
1295 2080 1717 2166 privilegium
1776 2101 1897 2165 per
1958 2082 2495 2150 renuntationem
2577 2081 2907 2162 propriam

512 2191 590 2252 et
636 2204 1037 2268 expressam.
1106 2185 1322 2268 Saepe
1367 2185 1706 2251 amittitur
1749 2185 2172 2270 privilegium
2219 2202 2339 2269 per
2384 2187 2679 2262 abusum,
2724 2187 2902 2268 quod

515 2291 760 2372 exponi
813 2296 1042 2373 potest
1103 2309 1224 2372 per
1267 2307 1620 2356 non-usum
1685 2291 1795 2356 vel
1826 2307 1953 2371 per
2000 2289 2404 2356 contrarium
2449 2308 2666 2367 usum3
2714 2293 2910 2371 puta:

517 2393 781 2473 Aliquis
828 2398 1170 2477 exemptus
1218 2400 1326 2460 est
1369 2397 1453 2460 ab
1503 2394 1727 2474 aliquo
1766 2393 1994 2475 Judice
2040 2401 2111 2459 et
2159 2394 2553 2462 convenitur
2600 2411 2803 2474 saepe
2837 2399 2909 2459 et

516 2499 789 2580 saepius
865 2516 1089 2565 coram
1165 2500 1394 2564 eodem
1469 2497 1709 2580 iudice,
1786 2502 1856 2564 et
1929 2497 2076 2579 ipse
2150 2515 2271 2565 nec
2348 2499 2711 2580 respondet
2785 2515 2910 2565 nec

511 2601 770 2686 allegat
827 2601 1079 2682 aliquid
1143 2603 1226 2668 de
1291 2601 1643 2686 privilegio
1691 2602 2150 2684 exemptionis,
2209 2601 2318 2670 vel
2362 2601 2616 2685 allegat
2659 2605 2731 2669 et
2774 2620 2909 2669 non

518 2705 834 2775 ostendit.
896 2706 1097 2773 Certe
1154 2705 1310 2773 huic
1369 2705 1605 2773 merito
1654 2705 1786 2772 dici
1830 2709 2086 2789 potest:
2149 2704 2583 2788 Privilegium
2626 2705 2905 2772 mereris

511 2811 849 2887 amittere,
894 2809 1052 2892 quia
1096 2810 1420 2892 permissa
1465 2809 1593 2876 tibi
1637 2812 1888 2878 abusus
1935 2829 2008 2876 es
2054 2813 2413 2892 potestate.
2457 2809 2751 2876 Necesse
2798 2814 2907 2876 est

515 2922 759 2992 tamen,
826 2917 1003 2994 quod
1058 2914 1502 2996 praescriptio
1565 2919 1799 2985 contra
1845 2914 2267 2998 privilegium
2312 2914 2410 2980 sic
2454 2913 2767 2980 amissum
2816 2914 2908 2981 sit

513 3019 864 3102 completa.
909 3019 1084 3085 Item
1129 3022 1356 3100 potest
1401 3017 1554 3102 dici,
1614 3021 1791 3098 quod
1837 3018 2303 3100 privilegiatus
2350 3018 2654 3084 abutitur
2700 3018 2907 3100 privi-

513 3123 715 3209 legi0‚
761 3124 1024 3204 quando
1071 3141 1148 3189 eo
1195 3122 1366 3190 male
1411 3123 1659 3206 utitur;
1705 3128 1901 3206 puta:
1949 3124 2148 3189 Facit
2194 3127 2429 3190 contra
2466 3122 2906 3189 intentionem

510 3228 966 3310 concedentiS‚
1044 3227 1155 3295 vel
1210 3227 1364 3307 quia
1424 3226 1596 3295 vivit
1659 3228 1803 3293 vita
1859 3227 2199 3310 communi,
2264 3227 2647 3306 relinquens
2694 3225 2902 3291 vitam

515 3329 871 3413 privatam,
914 3334 1192 3412 propter
1232 3332 1420 3415 qu'us
1468 3329 2005 3398 observationem
2054 3329 2472 3412 privilegium
2518 3347 2905 3396 concessum

511 3439 701 3518 erat3
748 3438 924 3502 unde
956 3434 1026 3500 in
1054 3435 1180 3502 hoc
1225 3453 1385 3501 casu
1415 3453 1549 3502 non
1579 3437 1810 3518 potest
1846 3433 2087 3514 aliquis
2117 3431 2544 3517 privilegium
2589 3433 2905 3516 allegare,

515 3539 627 3607 vel
693 3539 806 3621 qui
886 3538 1354 3622 privilegiatus
1439 3542 1563 3620 est,
1636 3556 1779 3629 ¹non
1846 3540 2203 3604 contentus
2271 3535 2577 3603 terminis
2636 3536 2778 3604 suis
2833 3536 2903 3602 in

516 3641 868 3727 privilegio
936 3641 1294 3726 expressis,
1359 3641 1487 3708 imo
1549 3645 1785 3708 contra
1842 3646 2143 3708 tenorem
2212 3639 2552 3724 privilegii
2619 3640 2907 3707 excedit.

725 3807 870 3871 586.
903 3807 1004 3870 De
1023 3805 1405 3890 privileyiis
1441 3808 1815 3891 quandoque
1846 3808 2104 3872 vitiatis
2140 3805 2239 3870 vel
2267 3827 2409 3872 non.
2455 3805 2658 3874 Licet
2699 3803 2902 3887 privi-

514 3907 694 3993 legia
725 3929 844 3977 seu
872 3911 1144 3977 litterae
1177 3901 1606 3978 authenticae
1640 3929 1851 3994 super
1881 3897 2247 3994 probandis
2264 3910 2486 3978 causis
2517 3916 2588 3976 et
2612 3910 2899 3992 negotiis

511 4013 585 4080 in
616 4015 1071 4081 testimonium
1095 4017 1460 4097 productae
1490 4033 1612 4081 nec
1647 4016 2081 4097 cancellatae,
2115 4033 2237 4081 nec
2268 4033 2485 4098 rasae,
2524 4032 2652 4081 nec
2684 4012 2896 4094 perfo-

514 4121 725 4197 ratae,
785 4118 1054 4202 incisae‚
1115 4119 1411 4188 laniatae
1457 4137 1580 4185 nec
1625 4119 1695 4184 in
1741 4119 1964 4201 aliqua
2025 4118 2130 4184 sui
2177 4124 2370 4200 parte
2416 4135 2567 4184 esse
2614 4119 2903 4184 debeant

514 4221 803 4291 vitiatae
863 4221 1026 4309 (nisi
1075 4222 1372 4290 foramen
1419 4222 1750 4306 naturale,
1810 4225 1984 4304 quod
2032 4227 2189 4289 ante
2248 4222 2652 4304 scripturam
2700 4220 2901 4303 privi-

514 4326 676 4412 legii
722 4326 791 4392 in
838 4344 1233 4410 pergameno
1305 4331 1572 4392 constat
1627 4324 1854 4410 fuisse,
1922 4344 2039 4392 seu
2090 4324 2453 4408 perforatio
2515 4343 2638 4409 per
2697 4324 2900 4409 sigilli
