3275 5009
287 361 338 412 184
803 361 968 416 Sententiae

285 570 373 635 alter
401 569 543 653 judaeus
577 569 700 635 ibidem
734 575 852 636 astans
887 571 1094 652 prolocutori
1122 569 1219 654 uixit,
1255 567 1353 652 ,quia
1375 568 1475 651 major

285 677 376 740 esset
398 671 452 739 fur
466 691 563 754 quam
575 674 729 758 judaeae,
746 677 786 740 de
808 693 871 755 quo
887 673 971 741 furti
988 676 1196 756 proponebat
1212 671 1477 754 querimoniam.

284 777 337 842 Ad
369 778 462 862 quus
493 778 713 858 prolocutoris
744 779 915 858 querelam
944 781 1039 846 modo
1071 778 1255 860 praemisso
1295 776 1476 857 expositam

280 883 422 966 judaeus
444 883 619 962 respondit
640 884 803 966 negando,
832 889 960 966 petens,
976 902 1013 950 se
1036 884 1128 950 circa
1153 883 1348 965 iudaeorum
1375 881 1478 948 Privi-

283 984 374 1069 legia
410 987 612 1053 conservari.
654 987 851 1056 Advocatus
890 1006 971 1055 vero
1009 987 1187 1054 christiani
1218 987 1374 1070 judaeum
1406 985 1476 1052 vult

283 1091 420 1158 vincere
442 1091 633 1159 testimonio
657 1093 852 1177 iuratorum,
875 1094 931 1174 qni
955 1093 1055 1160 etiam
1079 1089 1248 1174 praetorio
1279 1090 1475 1157 assiderunt.

284 1193 465 1278 Quaeritur
487 1213 566 1279 ergo
590 1200 653 1262 etc.
677 1197 730 1262 lit
753 1199 1065 1279 respondetur:
1095 1195 1131 1262 Si
1146 1213 1258 1261 coram
1269 1193 1406 1278 judicio,
1421 1194 1475 1260 ubi

279 1296 423 1379 judaeus
446 1297 570 1363 dicitur
591 1301 791 1367 advocatum
815 1288 992 1368 christiani
1015 1301 1122 1368 iurem
1145 1300 1345 1382 appellasse,
1365 1300 1475 1381 plures

282 1401 340 1468 alii
368 1402 494 1469 fuerint
519 1403 643 1486 judaei,
671 1405 759 1470 siout
790 1413 844 1472 est
874 1406 1064 1489 verisimile,
1094 1411 1174 1472 tunc
1201 1407 1347 1490 judaeus
1379 1404 1473 1470 etiam

283 1507 475 1573 christianis
510 1512 543 1573 et
573 1508 706 1591 judaeis
740 1513 794 1576 est
829 1511 1087 1576 convincendus,
1123 1511 1159 1577 Si
1192 1515 1305 1576 autem
1343 1514 1476 1590 praeter

283 1611 373 1678 illum
398 1611 503 1676 solum
525 1612 582 1678 alii
606 1632 671 1679 non
693 1613 820 1680 fuerint
839 1614 970 1696 judaei:
995 1622 1074 1681 tunc
1098 1633 1197 1697 super
1226 1613 1369 1680 ferenda
1394 1609 1473 1677 diffi-

283 1715 390 1782 nitiva
418 1715 586 1782 sententiat
618 1721 750 1784 matura
781 1717 982 1784 deliberatio
1014 1726 1068 1784 est
1098 1719 1262 1784 habenda.
1293 1716 1360 1782 Est
1391 1715 1473 1781 enim

281 1817 368 1886 iorte
392 1821 596 1886 contrarium
615 1807 753 1904 juriut
773 1824 889 1906 jurati,
911 1823 968 1903 qui
986 1823 1146 1890 tribunali
1163 1822 1406 1905 praesidentes,
1421 1818 1474 1886 ubi

281 1923 388 2007 magis
412 1929 465 1989 est
492 1923 544 1991 vis
576 1942 688 1990 eorum
719 1924 829 2007 oflicii,
860 1927 1046 1992 sententias
1079 1925 1304 1993 absolutorias
1336 1931 1374 1990 et
1402 1941 1473 1989 con·

282 2027 529 2108 dempnatorias
551 2027 586 2093 in
604 2033 756 2095 astantes
769 2029 895 2114 judicio
913 2029 1095 2112 proferunt,
1120 2031 1336 2112 nonpossint
1353 2026 1473 2095 testari

267 2133 322 2212 ¹de
346 2133 459 2198 verbis
491 2137 526 2197 et
555 2131 664 2216 factis,
695 2152 780 2214 quae
812 2153 872 2216 per
901 2153 1137 2215 quemcumque
1170 2134 1344 2215 bominem,
1370 2131 1473 2214 cojus-

280 2254 418 2316 cumque
452 2236 668 2318 professionis
703 2239 913 2322 existentem,
944 2239 1066 2306 ibidem
1100 2241 1191 2307 fiunt.
1226 2239 1281 2305 Sic
1314 2239 1414 2319 enim,
1447 2235 1474 2301 si

276 2341 419 2425 judaeus
453 2340 561 2422 ipsum
587 2340 732 2421 jndicem
762 2343 817 2408 vel
843 2343 989 2424 juratum
1019 2344 1054 2408 in
1085 2352 1164 2409 actu
1192 2341 1375 2426 iudiciario
1404 2341 1474 2407 vite

281 2444 441 2528 privaret,
466 2445 598 2527 impune
622 2445 793 2511 transiret.

383 2583 480 2649 Licet
510 2584 596 2650 enim
623 2584 657 2649 in
681 2584 841 2651 Generali
872 2586 1047 2670 privilegio
1069 2588 1262 2669 judaeorum
1291 2587 1472 2665 scribatur,

279 2689 367 2767 quod
385 2689 528 2770 judaeus
552 2707 612 2770 per
635 2688 854 2754 christianum
877 2693 912 2754 et
935 2691 1089 2770 iudaeum
1105 2689 1194 2756 vinci
1210 2692 1344 2772 debeat,
1362 2697 1471 2756 tamen

278 2809 319 2857 en
342 2792 404 2856 hoc
427 2794 513 2856 torte
539 2792 692 2873 princeps
716 2811 781 2858 nou
806 2793 974 2859 concessit
999 2793 1133 2876 judaeis
1161 2794 1195 2858 in
1219 2813 1355 2877 genere,
1386 2795 1472 2874 quod

277 2896 311 2961 in
333 2897 445 2977 specie
476 2914 540 2961 non
572 2901 663 2960 esset
694 2896 924 2962 verisimiliter
953 2915 1189 2977 concessurum
1222 2906 1259 2963 et
1289 2897 1469 2979 praecipue

277 3019 351 3065 cum
373 3001 407 3064 in
430 3001 493 3065 hoc
515 3000 604 3065 dicto
629 3000 809 3082 Privilegio
834 3018 899 3065 non
922 2999 968 3065 sit
991 3019 1185 3082 expressum
1208 3001 1415 3067 nominatim.

380 3137 474 3220 Item,
507 3139 657 3218 quemvis
687 3141 830 3221 judaeus
866 3150 924 3219 per
958 3138 1159 3205 christianos
1190 3145 1224 3204 et
1250 3139 1395 3220 judaeos
1425 3141 1468 3206 sit

277 3243 532 3325 convincendae,
555 3249 666 3308 tamen
688 3240 723 3306 in
747 3249 825 3308 actu
848 3241 928 3308 forti
952 3251 1069 3324 raptus
1086 3263 1145 3325 per
1161 3244 1269 3325 ipsum
1286 3250 1400 3310 actum
1417 3244 1468 3310 vel

275 3347 401 3413 furtum
424 3345 633 3412 convincitur
655 3347 752 3426 pleno
773 3349 858 3429 jure.

379 3485 477 3550 Licet
509 3483 726 3566 Privilegium
757 3487 955 3568 judaeorum
989 3488 1088 3571 dicat,
1132 3490 1219 3568 quod
1263 3488 1468 3555 christianus

273 3592 390 3658 volens
411 3591 567 3673 judaeum
591 3588 727 3652 vincere
752 3608 824 3654 cum
848 3591 1051 3674 christianis,
1074 3594 1174 3657 debet
1197 3593 1298 3656 etiam
1312 3593 1469 3676 judaeum

274 3697 309 3762 in
333 3693 556 3760 testimonium
590 3691 757 3771 recipere:
787 3702 898 3760 tamen
922 3695 951 3760 si
971 3697 1113 3779 judaeus
1144 3696 1366 3762 christianum
1397 3716 1469 3765 curu

274 3800 420 3865 testibus
443 3799 634 3864 christianis
655 3803 690 3862 et
710 3798 842 3879 judaeis
865 3799 1006 3879 impetit,
1030 3819 1096 3866 non
1119 3807 1261 3883 oportet,
1282 3804 1373 3879 qnod
1396 3802 1467 3883 ipse

273 3903 328 3968 hic
351 3902 552 3968 christianus
576 3902 728 3967 similiter
749 3921 820 3967 cunr
851 3902 1043 3970 christianis
1060 3910 1095 3970 et
1106 3904 1238 3986 jndaeis
1254 3922 1292 3980 se
1309 3904 1468 3973 defendat

273 4013 308 4073 et
342 4014 522 4089 expurget,
556 4010 614 4072 sed
648 4006 782 4089 sufficit,
813 4011 899 4086 quod
931 4007 1156 4075 detonsionem
1183 4008 1363 4092 juridicam
1395 4030 1466 4076 cum

272 4111 416 4176 testibus
440 4110 543 4178 iaciat
567 4111 770 4177 christianis.
803 4111 892 4176 Cum
910 4113 998 4178 enim
1027 4115 1186 4179 actiosit
1217 4114 1411 4181 voluntaria
1434 4119 1466 4180 et

272 4214 421 4281 defensio
460 4217 505 4281 sit
542 4219 582 4282 de
616 4217 691 4297 jnre
727 4217 890 4281 naturali:
925 4219 981 4300 jus
1019 4220 1130 4298 potins
1162 4218 1332 4284 delen-sori
1369 4223 1465 4286 debet

272 4336 476 4402 succurrere,
500 4340 597 4401 quarn
621 4321 737 4386 actori.
