<?xml version="1.0" encoding="UTF-8"?>
<!DOCTYPE html PUBLIC "-//W3C//DTD XHTML 1.0 Transitional//EN"
    "http://www.w3.org/TR/xhtml1/DTD/xhtml1-transitional.dtd">
<html xmlns="http://www.w3.org/1999/xhtml" xml:lang="en" lang="en">
 <head>
  <title>
</title>
<meta http-equiv="Content-Type" content="text/html;charset=utf-8" />
  <meta name='ocr-system' content='tesseract 3.04.00' />
  <meta name='ocr-capabilities' content='ocr_page ocr_carea ocr_par ocr_line ocrx_word'/>
</head>
<body>
  <div class='ocr_page' id='page_1' title='image "./codexjurisbohem00unkngoog_0222.png"; bbox 0 0 3275 5009; ppageno 0'>
   <div class='ocr_carea' id='block_1_1' title="bbox 796 337 961 390">
    <p class='ocr_par' dir='ltr' id='par_1_1' title="bbox 796 337 961 390">
     <span class='ocr_line' id='line_1_1' title="bbox 796 337 961 390; baseline 0 0"><span class='ocrx_word' id='word_1_1' title='bbox 796 337 961 390; x_wconf 78' lang='lat' dir='ltr'>Sententiae</span> 
     </span>
    </p>
   </div>
   <div class='ocr_carea' id='block_1_2' title="bbox 268 543 1481 2589">
    <p class='ocr_par' dir='ltr' id='par_1_2' title="bbox 273 543 1481 1044">
     <span class='ocr_line' id='line_1_2' title="bbox 382 543 1479 628; baseline 0 -18"><span class='ocrx_word' id='word_1_2' title='bbox 382 545 557 612; x_wconf 75' lang='lat' dir='ltr'>Homicida</span> <span class='ocrx_word' id='word_1_3' title='bbox 591 544 646 611; x_wconf 91' lang='lat' dir='ltr'>vel</span> <span class='ocrx_word' id='word_1_4' title='bbox 676 544 840 626; x_wconf 89' lang='lat' dir='ltr'>spoliator</span> <span class='ocrx_word' id='word_1_5' title='bbox 874 543 984 610; x_wconf 86' lang='lat' dir='ltr'>tribus</span> <span class='ocrx_word' id='word_1_6' title='bbox 1010 543 1147 627; x_wconf 88' lang='lat' dir='ltr'>judiciis</span> <span class='ocrx_word' id='word_1_7' title='bbox 1177 543 1265 611; x_wconf 80' lang='lat' dir='ltr'>inira</span> <span class='ocrx_word' id='word_1_8' title='bbox 1294 545 1343 610; x_wconf 90' lang='lat' dir='ltr'>IV</span> <span class='ocrx_word' id='word_1_9' title='bbox 1373 545 1479 628; x_wconf 91' lang='lat' dir='ltr'>septi·</span> 
     </span>
     <span class='ocr_line' id='line_1_3' title="bbox 274 647 1481 732; baseline -0.001 -17"><span class='ocrx_word' id='word_1_10' title='bbox 274 667 391 715; x_wconf 85' lang='lat' dir='ltr'>manas</span> <span class='ocrx_word' id='word_1_11' title='bbox 415 649 549 732; x_wconf 89' lang='lat' dir='ltr'>citatus,</span> <span class='ocrx_word' id='word_1_12' title='bbox 570 648 601 713; x_wconf 87' lang='lat' dir='ltr'>si</span> <span class='ocrx_word' id='word_1_13' title='bbox 624 648 733 714; x_wconf 84' lang='lat' dir='ltr'>adhuc</span> <span class='ocrx_word' id='word_1_14' title='bbox 757 667 817 732; x_wconf 89' lang='lat' dir='ltr'>por</span> <span class='ocrx_word' id='word_1_15' title='bbox 840 650 924 715; x_wconf 92' lang='lat' dir='ltr'>duas</span> <span class='ocrx_word' id='word_1_16' title='bbox 946 648 1151 730; x_wconf 87' lang='lat' dir='ltr'>septimanas</span> <span class='ocrx_word' id='word_1_17' title='bbox 1174 647 1239 713; x_wconf 92' lang='lat' dir='ltr'>IV⁰</span> <span class='ocrx_word' id='word_1_18' title='bbox 1256 647 1384 731; x_wconf 79' lang='lat' dir='ltr'>judicio</span> <span class='ocrx_word' id='word_1_19' title='bbox 1411 668 1481 714; x_wconf 91' lang='lat' dir='ltr'>non</span> 
     </span>
     <span class='ocr_line' id='line_1_4' title="bbox 273 750 1477 836; baseline 0 -16"><span class='ocrx_word' id='word_1_20' title='bbox 273 751 508 836; x_wconf 80' lang='lat' dir='ltr'>comparuerit,</span> <span class='ocrx_word' id='word_1_21' title='bbox 532 759 585 819; x_wconf 92' lang='lat' dir='ltr'>est</span> <span class='ocrx_word' id='word_1_22' title='bbox 608 753 875 834; x_wconf 79' lang='lat' dir='ltr'>proscribendus.</span> <span class='ocrx_word' id='word_1_23' title='bbox 899 750 1121 818; x_wconf 88' lang='lat' dir='ltr'>Mortificator</span> <span class='ocrx_word' id='word_1_24' title='bbox 1144 753 1276 832; x_wconf 87' lang='lat' dir='ltr'>quidem</span> <span class='ocrx_word' id='word_1_25' title='bbox 1302 771 1387 832; x_wconf 90' lang='lat' dir='ltr'>equo</span> <span class='ocrx_word' id='word_1_26' title='bbox 1403 755 1477 820; x_wconf 87' lang='lat' dir='ltr'>alli-</span> 
     </span>
     <span class='ocr_line' id='line_1_5' title="bbox 274 857 1477 943; baseline 0 -19"><span class='ocrx_word' id='word_1_27' title='bbox 274 866 376 943; x_wconf 85' lang='lat' dir='ltr'>gatus</span> <span class='ocrx_word' id='word_1_28' title='bbox 407 876 468 940; x_wconf 89' lang='lat' dir='ltr'>per</span> <span class='ocrx_word' id='word_1_29' title='bbox 499 858 629 939; x_wconf 90' lang='lat' dir='ltr'>plateas</span> <span class='ocrx_word' id='word_1_30' title='bbox 670 862 723 923; x_wconf 91' lang='lat' dir='ltr'>est</span> <span class='ocrx_word' id='word_1_31' title='bbox 763 858 948 924; x_wconf 88' lang='lat' dir='ltr'>trahendus</span> <span class='ocrx_word' id='word_1_32' title='bbox 982 857 1037 924; x_wconf 90' lang='lat' dir='ltr'>vel</span> <span class='ocrx_word' id='word_1_33' title='bbox 1067 857 1248 939; x_wconf 88' lang='lat' dir='ltr'>lapsandus</span> <span class='ocrx_word' id='word_1_34' title='bbox 1290 864 1326 924; x_wconf 94' lang='lat' dir='ltr'>et</span> <span class='ocrx_word' id='word_1_35' title='bbox 1355 864 1477 938; x_wconf 90' lang='lat' dir='ltr'>postea</span> 
     </span>
     <span class='ocr_line' id='line_1_6' title="bbox 276 960 1479 1044; baseline -0.002 -17"><span class='ocrx_word' id='word_1_36' title='bbox 276 965 456 1042; x_wconf 58' lang='lat' dir='ltr'>rotundum</span> <span class='ocrx_word' id='word_1_37' title='bbox 479 964 540 1028; x_wconf 89' lang='lat' dir='ltr'>sed</span> <span class='ocrx_word' id='word_1_38' title='bbox 562 961 728 1029; x_wconf 87' lang='lat' dir='ltr'>homicida</span> <span class='ocrx_word' id='word_1_39' title='bbox 752 968 787 1028; x_wconf 89' lang='lat' dir='ltr'>et</span> <span class='ocrx_word' id='word_1_40' title='bbox 810 960 973 1043; x_wconf 85' lang='lat' dir='ltr'>spoliator</span> <span class='ocrx_word' id='word_1_41' title='bbox 995 979 1102 1041; x_wconf 88' lang='lat' dir='ltr'>poena</span> <span class='ocrx_word' id='word_1_42' title='bbox 1118 961 1223 1044; x_wconf 82' lang='lat' dir='ltr'>gladii</span> <span class='ocrx_word' id='word_1_43' title='bbox 1242 962 1326 1027; x_wconf 89' lang='lat' dir='ltr'>mori</span> <span class='ocrx_word' id='word_1_44' title='bbox 1342 963 1479 1029; x_wconf 90' lang='lat' dir='ltr'>dehent.</span> 
     </span>
    </p>

    <p class='ocr_par' dir='ltr' id='par_1_3' title="bbox 273 1064 1478 1341">
     <span class='ocr_line' id='line_1_7' title="bbox 379 1064 1478 1147; baseline -0.003 -15"><span class='ocrx_word' id='word_1_45' title='bbox 379 1066 446 1134; x_wconf 84' lang='lat' dir='ltr'>Sed</span> <span class='ocrx_word' id='word_1_46' title='bbox 470 1067 526 1146; x_wconf 90' lang='lat' dir='ltr'>qui</span> <span class='ocrx_word' id='word_1_47' title='bbox 549 1066 687 1132; x_wconf 88' lang='lat' dir='ltr'>consilio</span> <span class='ocrx_word' id='word_1_48' title='bbox 711 1070 747 1131; x_wconf 90' lang='lat' dir='ltr'>et</span> <span class='ocrx_word' id='word_1_49' title='bbox 769 1065 912 1147; x_wconf 78' lang='lat' dir='ltr'>pecunia</span> <span class='ocrx_word' id='word_1_50' title='bbox 934 1064 1078 1144; x_wconf 85' lang='lat' dir='ltr'>aliquem</span> <span class='ocrx_word' id='word_1_51' title='bbox 1101 1064 1208 1132; x_wconf 91' lang='lat' dir='ltr'>occidi</span> <span class='ocrx_word' id='word_1_52' title='bbox 1231 1066 1478 1146; x_wconf 80' lang='lat' dir='ltr'>procuraverit,</span> 
     </span>
     <span class='ocr_line' id='line_1_8' title="bbox 275 1167 1477 1253; baseline -0.002 -16"><span class='ocrx_word' id='word_1_53' title='bbox 275 1188 414 1253; x_wconf 90' lang='lat' dir='ltr'>poenam</span> <span class='ocrx_word' id='word_1_54' title='bbox 453 1191 518 1237; x_wconf 93' lang='lat' dir='ltr'>uon</span> <span class='ocrx_word' id='word_1_55' title='bbox 553 1170 695 1252; x_wconf 86' lang='lat' dir='ltr'>simplici</span> <span class='ocrx_word' id='word_1_56' title='bbox 728 1169 915 1246; x_wconf 87' lang='lat' dir='ltr'>homicidio,</span> <span class='ocrx_word' id='word_1_57' title='bbox 953 1169 1013 1233; x_wconf 89' lang='lat' dir='ltr'>sed</span> <span class='ocrx_word' id='word_1_58' title='bbox 1046 1167 1295 1235; x_wconf 89' lang='lat' dir='ltr'>mortificationi</span> <span class='ocrx_word' id='word_1_59' title='bbox 1328 1170 1477 1236; x_wconf 89' lang='lat' dir='ltr'>debitam</span> 
     </span>
     <span class='ocr_line' id='line_1_9' title="bbox 273 1273 466 1341; baseline -0.005 0"><span class='ocrx_word' id='word_1_60' title='bbox 273 1273 466 1341; x_wconf 87' lang='lat' dir='ltr'>sustinebit.</span> 
     </span>
    </p>

    <p class='ocr_par' dir='ltr' id='par_1_4' title="bbox 269 1377 1477 1984">
     <span class='ocr_line' id='line_1_10' title="bbox 379 1377 1476 1466; baseline -0.004 -22"><span class='ocrx_word' id='word_1_61' title='bbox 379 1379 538 1466; x_wconf 82' lang='lat' dir='ltr'>Quamvis¹</span> <span class='ocrx_word' id='word_1_62' title='bbox 561 1378 778 1445; x_wconf 87' lang='lat' dir='ltr'>mortificator</span> <span class='ocrx_word' id='word_1_63' title='bbox 802 1377 904 1443; x_wconf 87' lang='lat' dir='ltr'>semel</span> <span class='ocrx_word' id='word_1_64' title='bbox 935 1377 1059 1442; x_wconf 86' lang='lat' dir='ltr'>citetur</span> <span class='ocrx_word' id='word_1_65' title='bbox 1083 1381 1117 1442; x_wconf 92' lang='lat' dir='ltr'>et</span> <span class='ocrx_word' id='word_1_66' title='bbox 1139 1377 1298 1442; x_wconf 90' lang='lat' dir='ltr'>continuo</span> <span class='ocrx_word' id='word_1_67' title='bbox 1330 1377 1476 1458; x_wconf 91' lang='lat' dir='ltr'>proscri-</span> 
     </span>
     <span class='ocr_line' id='line_1_11' title="bbox 272 1480 1476 1566; baseline -0.002 -17"><span class='ocrx_word' id='word_1_68' title='bbox 272 1484 374 1566; x_wconf 81' lang='lat' dir='ltr'>bitur,</span> <span class='ocrx_word' id='word_1_69' title='bbox 418 1488 531 1550; x_wconf 91' lang='lat' dir='ltr'>tamen</span> <span class='ocrx_word' id='word_1_70' title='bbox 575 1488 629 1548; x_wconf 90' lang='lat' dir='ltr'>est</span> <span class='ocrx_word' id='word_1_71' title='bbox 676 1482 737 1547; x_wconf 94' lang='lat' dir='ltr'>hoc</span> <span class='ocrx_word' id='word_1_72' title='bbox 778 1480 1047 1565; x_wconf 85' lang='lat' dir='ltr'>intelligendum:</span> <span class='ocrx_word' id='word_1_73' title='bbox 1092 1480 1185 1547; x_wconf 84' lang='lat' dir='ltr'>facta</span> <span class='ocrx_word' id='word_1_74' title='bbox 1224 1499 1284 1563; x_wconf 89' lang='lat' dir='ltr'>per</span> <span class='ocrx_word' id='word_1_75' title='bbox 1321 1485 1476 1548; x_wconf 89' lang='lat' dir='ltr'>actorem</span> 
     </span>
     <span class='ocr_line' id='line_1_12' title="bbox 276 1583 1477 1670; baseline 0.001 -18"><span class='ocrx_word' id='word_1_76' title='bbox 276 1585 472 1669; x_wconf 85' lang='lat' dir='ltr'>probatione</span> <span class='ocrx_word' id='word_1_77' title='bbox 495 1585 655 1670; x_wconf 84' lang='lat' dir='ltr'>legitima,</span> <span class='ocrx_word' id='word_1_78' title='bbox 678 1583 744 1650; x_wconf 91' lang='lat' dir='ltr'>vid.</span> <span class='ocrx_word' id='word_1_79' title='bbox 767 1585 962 1666; x_wconf 82' lang='lat' dir='ltr'>praemissis</span> <span class='ocrx_word' id='word_1_80' title='bbox 982 1584 1183 1670; x_wconf 87' lang='lat' dir='ltr'>juramentis</span> <span class='ocrx_word' id='word_1_81' title='bbox 1205 1584 1415 1666; x_wconf 89' lang='lat' dir='ltr'>calumpniae</span> <span class='ocrx_word' id='word_1_82' title='bbox 1441 1591 1477 1653; x_wconf 88' lang='lat' dir='ltr'>et</span> 
     </span>
     <span class='ocr_line' id='line_1_13' title="bbox 275 1689 1475 1773; baseline -0.001 -16"><span class='ocrx_word' id='word_1_83' title='bbox 275 1692 446 1773; x_wconf 90' lang='lat' dir='ltr'>productis</span> <span class='ocrx_word' id='word_1_84' title='bbox 470 1691 624 1772; x_wconf 89' lang='lat' dir='ltr'>testibus,</span> <span class='ocrx_word' id='word_1_85' title='bbox 651 1707 724 1756; x_wconf 89' lang='lat' dir='ltr'>cum</span> <span class='ocrx_word' id='word_1_86' title='bbox 756 1689 877 1770; x_wconf 88' lang='lat' dir='ltr'>quibus</span> <span class='ocrx_word' id='word_1_87' title='bbox 908 1689 1112 1756; x_wconf 88' lang='lat' dir='ltr'>sufficienter</span> <span class='ocrx_word' id='word_1_88' title='bbox 1144 1691 1265 1770; x_wconf 90' lang='lat' dir='ltr'>probet</span> <span class='ocrx_word' id='word_1_89' title='bbox 1288 1689 1475 1770; x_wconf 67' lang='lat' dir='ltr'>intentum</span> 
     </span>
     <span class='ocr_line' id='line_1_14' title="bbox 269 1793 1476 1876; baseline -0.002 -14"><span class='ocrx_word' id='word_1_90' title='bbox 269 1795 359 1862; x_wconf 88' lang='lat' dir='ltr'>alias</span> <span class='ocrx_word' id='word_1_91' title='bbox 382 1814 457 1862; x_wconf 88' lang='lat' dir='ltr'>reus</span> <span class='ocrx_word' id='word_1_92' title='bbox 490 1795 599 1860; x_wconf 85' lang='lat' dir='ltr'>tribus</span> <span class='ocrx_word' id='word_1_93' title='bbox 630 1794 760 1876; x_wconf 91' lang='lat' dir='ltr'>edictis,</span> <span class='ocrx_word' id='word_1_94' title='bbox 792 1794 880 1860; x_wconf 90' lang='lat' dir='ltr'>sicut</span> <span class='ocrx_word' id='word_1_95' title='bbox 912 1798 1105 1859; x_wconf 90' lang='lat' dir='ltr'>consuetum</span> <span class='ocrx_word' id='word_1_96' title='bbox 1130 1800 1192 1876; x_wconf 89' lang='lat' dir='ltr'>est,</span> <span class='ocrx_word' id='word_1_97' title='bbox 1225 1793 1362 1876; x_wconf 68' lang='lat' dir='ltr'>citatus</span> <span class='ocrx_word' id='word_1_98' title='bbox 1394 1795 1476 1873; x_wconf 86' lang='lat' dir='ltr'>quia</span> 
     </span>
     <span class='ocr_line' id='line_1_15' title="bbox 269 1897 1099 1984; baseline -0.004 -19"><span class='ocrx_word' id='word_1_99' title='bbox 269 1906 393 1980; x_wconf 87' lang='lat' dir='ltr'>quarto</span> <span class='ocrx_word' id='word_1_100' title='bbox 412 1899 537 1984; x_wconf 89' lang='lat' dir='ltr'>judicio</span> <span class='ocrx_word' id='word_1_101' title='bbox 561 1918 626 1965; x_wconf 90' lang='lat' dir='ltr'>non</span> <span class='ocrx_word' id='word_1_102' title='bbox 650 1898 845 1980; x_wconf 89' lang='lat' dir='ltr'>comparuit,</span> <span class='ocrx_word' id='word_1_103' title='bbox 870 1897 1099 1980; x_wconf 87' lang='lat' dir='ltr'>proscribitur.</span> 
     </span>
    </p>

    <p class='ocr_par' dir='ltr' id='par_1_5' title="bbox 268 2000 1475 2589">
     <span class='ocr_line' id='line_1_16' title="bbox 377 2000 1474 2086; baseline -0.002 -18"><span class='ocrx_word' id='word_1_104' title='bbox 377 2001 442 2086; x_wconf 79' lang='lat' dir='ltr'>Qui</span> <span class='ocrx_word' id='word_1_105' title='bbox 465 2002 556 2084; x_wconf 89' lang='lat' dir='ltr'>prius</span> <span class='ocrx_word' id='word_1_106' title='bbox 580 2020 653 2067; x_wconf 91' lang='lat' dir='ltr'>cum</span> <span class='ocrx_word' id='word_1_107' title='bbox 677 2001 786 2081; x_wconf 90' lang='lat' dir='ltr'>aliquo</span> <span class='ocrx_word' id='word_1_108' title='bbox 809 2002 959 2068; x_wconf 88' lang='lat' dir='ltr'>notorias</span> <span class='ocrx_word' id='word_1_109' title='bbox 983 2000 1100 2067; x_wconf 90' lang='lat' dir='ltr'>habuit</span> <span class='ocrx_word' id='word_1_110' title='bbox 1124 2000 1327 2083; x_wconf 88' lang='lat' dir='ltr'>iuimicitias,</span> <span class='ocrx_word' id='word_1_111' title='bbox 1350 2002 1379 2068; x_wconf 90' lang='lat' dir='ltr'>si</span> <span class='ocrx_word' id='word_1_112' title='bbox 1397 2020 1474 2067; x_wconf 92' lang='lat' dir='ltr'>eum</span> 
     </span>
     <span class='ocr_line' id='line_1_17' title="bbox 268 2104 1475 2190; baseline -0.002 -16"><span class='ocrx_word' id='word_1_113' title='bbox 268 2105 405 2190; x_wconf 91' lang='lat' dir='ltr'>occidit,</span> <span class='ocrx_word' id='word_1_114' title='bbox 427 2106 646 2172; x_wconf 87' lang='lat' dir='ltr'>mortificator</span> <span class='ocrx_word' id='word_1_115' title='bbox 676 2105 743 2171; x_wconf 91' lang='lat' dir='ltr'>dici</span> <span class='ocrx_word' id='word_1_116' title='bbox 773 2109 923 2171; x_wconf 90' lang='lat' dir='ltr'>meretur</span> <span class='ocrx_word' id='word_1_117' title='bbox 954 2122 1179 2188; x_wconf 73' lang='lat' dir='ltr'>nequaquam,</span> <span class='ocrx_word' id='word_1_118' title='bbox 1210 2104 1352 2186; x_wconf 86' lang='lat' dir='ltr'>quilibet</span> <span class='ocrx_word' id='word_1_119' title='bbox 1383 2105 1475 2171; x_wconf 90' lang='lat' dir='ltr'>euim</span> 
     </span>
     <span class='ocr_line' id='line_1_18' title="bbox 270 2207 1475 2291; baseline -0.002 -13"><span class='ocrx_word' id='word_1_120' title='bbox 270 2211 336 2278; x_wconf 89' lang='lat' dir='ltr'>sibi</span> <span class='ocrx_word' id='word_1_121' title='bbox 358 2228 480 2278; x_wconf 90' lang='lat' dir='ltr'>cavere</span> <span class='ocrx_word' id='word_1_122' title='bbox 504 2212 605 2277; x_wconf 91' lang='lat' dir='ltr'>debet</span> <span class='ocrx_word' id='word_1_123' title='bbox 621 2211 663 2275; x_wconf 93' lang='lat' dir='ltr'>ab</span> <span class='ocrx_word' id='word_1_124' title='bbox 680 2209 811 2276; x_wconf 89' lang='lat' dir='ltr'>insidiis</span> <span class='ocrx_word' id='word_1_125' title='bbox 828 2208 961 2275; x_wconf 90' lang='lat' dir='ltr'>inimici.</span> <span class='ocrx_word' id='word_1_126' title='bbox 985 2207 1080 2275; x_wconf 88' lang='lat' dir='ltr'>Unde</span> <span class='ocrx_word' id='word_1_127' title='bbox 1097 2209 1313 2291; x_wconf 89' lang='lat' dir='ltr'>proprissime</span> <span class='ocrx_word' id='word_1_128' title='bbox 1328 2227 1475 2289; x_wconf 89' lang='lat' dir='ltr'>nequam</span> 
     </span>
     <span class='ocr_line' id='line_1_19' title="bbox 270 2313 1474 2398; baseline -0.003 -16"><span class='ocrx_word' id='word_1_129' title='bbox 270 2315 430 2396; x_wconf 90' lang='lat' dir='ltr'>homines,</span> <span class='ocrx_word' id='word_1_130' title='bbox 462 2315 518 2394; x_wconf 91' lang='lat' dir='ltr'>qui</span> <span class='ocrx_word' id='word_1_131' title='bbox 542 2332 584 2379; x_wconf 83' lang='lat' dir='ltr'>ex</span> <span class='ocrx_word' id='word_1_132' title='bbox 608 2313 725 2379; x_wconf 90' lang='lat' dir='ltr'>intima</span> <span class='ocrx_word' id='word_1_133' title='bbox 748 2313 858 2380; x_wconf 87' lang='lat' dir='ltr'>cordis</span> <span class='ocrx_word' id='word_1_134' title='bbox 880 2313 1018 2396; x_wconf 89' lang='lat' dir='ltr'>malitia,</span> <span class='ocrx_word' id='word_1_135' title='bbox 1048 2332 1114 2379; x_wconf 92' lang='lat' dir='ltr'>nou</span> <span class='ocrx_word' id='word_1_136' title='bbox 1137 2331 1179 2380; x_wconf 85' lang='lat' dir='ltr'>ex</span> <span class='ocrx_word' id='word_1_137' title='bbox 1201 2314 1394 2398; x_wconf 80' lang='lat' dir='ltr'>ignorantia</span> <span class='ocrx_word' id='word_1_138' title='bbox 1418 2314 1474 2380; x_wconf 92' lang='lat' dir='ltr'>vel</span> 
     </span>
     <span class='ocr_line' id='line_1_20' title="bbox 269 2416 1469 2502; baseline -0.002 -17"><span class='ocrx_word' id='word_1_139' title='bbox 269 2418 468 2500; x_wconf 87' lang='lat' dir='ltr'>impotentia</span> <span class='ocrx_word' id='word_1_140' title='bbox 485 2425 673 2500; x_wconf 83' lang='lat' dir='ltr'>peccantes,</span> <span class='ocrx_word' id='word_1_141' title='bbox 687 2423 825 2484; x_wconf 89' lang='lat' dir='ltr'>mortem</span> <span class='ocrx_word' id='word_1_142' title='bbox 838 2417 1024 2483; x_wconf 91' lang='lat' dir='ltr'>hominihus</span> <span class='ocrx_word' id='word_1_143' title='bbox 1041 2416 1199 2502; x_wconf 86' lang='lat' dir='ltr'>inierunt,</span> <span class='ocrx_word' id='word_1_144' title='bbox 1210 2418 1469 2484; x_wconf 88' lang='lat' dir='ltr'>mortificatores</span> 
     </span>
     <span class='ocr_line' id='line_1_21' title="bbox 274 2523 441 2589; baseline -0.006 0"><span class='ocrx_word' id='word_1_145' title='bbox 274 2523 441 2589; x_wconf 89' lang='lat' dir='ltr'>dicuntur.</span> 
     </span>
    </p>
   </div>
   <div class='ocr_carea' id='block_1_3' title="bbox 265 2640 1472 3660">
    <p class='ocr_par' dir='ltr' id='par_1_6' title="bbox 265 2640 1472 3660">
     <span class='ocr_line' id='line_1_22' title="bbox 375 2640 1471 2726; baseline 0.002 -21"><span class='ocrx_word' id='word_1_146' title='bbox 375 2643 449 2708; x_wconf 81' lang='lat'><strong><em>527.</em></strong></span> <span class='ocrx_word' id='word_1_147' title='bbox 473 2643 523 2704; x_wconf 88' lang='lat' dir='ltr'>De</span> <span class='ocrx_word' id='word_1_148' title='bbox 546 2642 792 2723; x_wconf 68' lang='lat' dir='ltr'>mortificatione</span> <span class='ocrx_word' id='word_1_149' title='bbox 816 2652 912 2705; x_wconf 78' lang='lat' dir='ltr'>extra</span> <span class='ocrx_word' id='word_1_150' title='bbox 934 2640 1168 2705; x_wconf 77' lang='lat' dir='ltr'>habitationem</span> <span class='ocrx_word' id='word_1_151' title='bbox 1188 2641 1471 2726; x_wconf 81' lang='lat' dir='ltr'>bominumfacta.</span> 
     </span>
     <span class='ocr_line' id='line_1_23' title="bbox 267 2746 1469 2830; baseline -0.001 -17"><span class='ocrx_word' id='word_1_152' title='bbox 267 2746 307 2813; x_wconf 84' lang='lat' dir='ltr'>Sl</span> <span class='ocrx_word' id='word_1_153' title='bbox 344 2746 555 2813; x_wconf 83' lang='lat' dir='ltr'>mortificatio</span> <span class='ocrx_word' id='word_1_154' title='bbox 592 2746 652 2814; x_wconf 85' lang='lat' dir='ltr'>fiat</span> <span class='ocrx_word' id='word_1_155' title='bbox 686 2752 783 2813; x_wconf 86' lang='lat' dir='ltr'>extra</span> <span class='ocrx_word' id='word_1_156' title='bbox 817 2746 1060 2814; x_wconf 87' lang='lat' dir='ltr'>habitationem</span> <span class='ocrx_word' id='word_1_157' title='bbox 1099 2746 1274 2830; x_wconf 90' lang='lat' dir='ltr'>hominum,</span> <span class='ocrx_word' id='word_1_158' title='bbox 1312 2747 1400 2812; x_wconf 89' lang='lat' dir='ltr'>siout</span> <span class='ocrx_word' id='word_1_159' title='bbox 1435 2747 1469 2813; x_wconf 92' lang='lat' dir='ltr'>iu</span> 
     </span>
     <span class='ocr_line' id='line_1_24' title="bbox 265 2847 1472 2932; baseline 0 -14"><span class='ocrx_word' id='word_1_160' title='bbox 265 2850 516 2932; x_wconf 68' lang='lat' dir='ltr'>campisonis</span> <span class='ocrx_word' id='word_1_161' title='bbox 539 2852 594 2918; x_wconf 92' lang='lat' dir='ltr'>vel</span> <span class='ocrx_word' id='word_1_162' title='bbox 617 2851 693 2917; x_wconf 87' lang='lat' dir='ltr'>aliis</span> <span class='ocrx_word' id='word_1_163' title='bbox 716 2850 799 2918; x_wconf 89' lang='lat' dir='ltr'>locis</span> <span class='ocrx_word' id='word_1_164' title='bbox 822 2851 1057 2929; x_wconf 88' lang='lat' dir='ltr'>consimilibus,</span> <span class='ocrx_word' id='word_1_165' title='bbox 1080 2856 1114 2917; x_wconf 91' lang='lat' dir='ltr'>et</span> <span class='ocrx_word' id='word_1_166' title='bbox 1137 2847 1242 2918; x_wconf 81' lang='lat' dir='ltr'>actor</span> <span class='ocrx_word' id='word_1_167' title='bbox 1255 2851 1472 2930; x_wconf 88' lang='lat' dir='ltr'>conqueritur</span> 
     </span>
     <span class='ocr_line' id='line_1_25' title="bbox 268 2955 1471 3038; baseline 0.002 -16"><span class='ocrx_word' id='word_1_168' title='bbox 268 2959 312 3022; x_wconf 87' lang='lat' dir='ltr'>de</span> <span class='ocrx_word' id='word_1_169' title='bbox 327 2956 453 3036; x_wconf 87' lang='lat' dir='ltr'>aliquo:</span> <span class='ocrx_word' id='word_1_170' title='bbox 469 2959 550 3021; x_wconf 89' lang='lat' dir='ltr'>tuuc</span> <span class='ocrx_word' id='word_1_171' title='bbox 566 2956 745 3022; x_wconf 89' lang='lat' dir='ltr'>videndum</span> <span class='ocrx_word' id='word_1_172' title='bbox 769 2961 830 3036; x_wconf 92' lang='lat' dir='ltr'>est,</span> <span class='ocrx_word' id='word_1_173' title='bbox 847 2960 957 3023; x_wconf 92' lang='lat' dir='ltr'>utrum</span> <span class='ocrx_word' id='word_1_174' title='bbox 980 2956 1059 3022; x_wconf 88' lang='lat' dir='ltr'>talis</span> <span class='ocrx_word' id='word_1_175' title='bbox 1083 2973 1161 3022; x_wconf 88' lang='lat' dir='ltr'>reus</span> <span class='ocrx_word' id='word_1_176' title='bbox 1182 2956 1275 3038; x_wconf 89' lang='lat' dir='ltr'>prius</span> <span class='ocrx_word' id='word_1_177' title='bbox 1299 2955 1471 3024; x_wconf 88' lang='lat' dir='ltr'>laudabile</span> 
     </span>
     <span class='ocr_line' id='line_1_26' title="bbox 267 3058 1469 3144; baseline -0.002 -18"><span class='ocrx_word' id='word_1_178' title='bbox 267 3077 386 3126; x_wconf 90' lang='lat' dir='ltr'>nomen</span> <span class='ocrx_word' id='word_1_179' title='bbox 417 3058 545 3142; x_wconf 84' lang='lat' dir='ltr'>habuit,</span> <span class='ocrx_word' id='word_1_180' title='bbox 577 3064 612 3124; x_wconf 85' lang='lat' dir='ltr'>et</span> <span class='ocrx_word' id='word_1_181' title='bbox 643 3060 671 3124; x_wconf 91' lang='lat' dir='ltr'>si</span> <span class='ocrx_word' id='word_1_182' title='bbox 703 3058 751 3125; x_wconf 91' lang='lat' dir='ltr'>sic</span> <span class='ocrx_word' id='word_1_183' title='bbox 784 3064 844 3136; x_wconf 89' lang='lat' dir='ltr'>est,</span> <span class='ocrx_word' id='word_1_184' title='bbox 880 3064 975 3124; x_wconf 86' lang='lat' dir='ltr'>actor</span> <span class='ocrx_word' id='word_1_185' title='bbox 1005 3061 1240 3126; x_wconf 89' lang='lat' dir='ltr'>metsecundus</span> <span class='ocrx_word' id='word_1_186' title='bbox 1266 3059 1397 3144; x_wconf 85' lang='lat' dir='ltr'>jurabit</span> <span class='ocrx_word' id='word_1_187' title='bbox 1428 3060 1469 3125; x_wconf 89' lang='lat' dir='ltr'>de</span> 
     </span>
     <span class='ocr_line' id='line_1_27' title="bbox 266 3162 1468 3246; baseline 0.001 -17"><span class='ocrx_word' id='word_1_188' title='bbox 266 3162 474 3244; x_wconf 81' lang='lat' dir='ltr'>calumpnia3</span> <span class='ocrx_word' id='word_1_189' title='bbox 512 3169 547 3228; x_wconf 90' lang='lat' dir='ltr'>et</span> <span class='ocrx_word' id='word_1_190' title='bbox 584 3163 613 3227; x_wconf 89' lang='lat' dir='ltr'>si</span> <span class='ocrx_word' id='word_1_191' title='bbox 640 3163 783 3246; x_wconf 88' lang='lat' dir='ltr'>jurando</span> <span class='ocrx_word' id='word_1_192' title='bbox 823 3162 1021 3246; x_wconf 88' lang='lat' dir='ltr'>deviaverit,</span> <span class='ocrx_word' id='word_1_193' title='bbox 1059 3179 1137 3229; x_wconf 87' lang='lat' dir='ltr'>reus</span> <span class='ocrx_word' id='word_1_194' title='bbox 1169 3181 1206 3229; x_wconf 88' lang='lat' dir='ltr'>se</span> <span class='ocrx_word' id='word_1_195' title='bbox 1237 3162 1468 3245; x_wconf 86' lang='lat' dir='ltr'>metseptimus</span> 
     </span>
     <span class='ocr_line' id='line_1_28' title="bbox 266 3266 1467 3348; baseline 0.001 -15"><span class='ocrx_word' id='word_1_196' title='bbox 266 3268 452 3333; x_wconf 82' lang='lat' dir='ltr'>excusabit.</span> <span class='ocrx_word' id='word_1_197' title='bbox 478 3267 550 3332; x_wconf 91' lang='lat' dir='ltr'>Hoc</span> <span class='ocrx_word' id='word_1_198' title='bbox 574 3267 674 3332; x_wconf 89' lang='lat' dir='ltr'>etiam</span> <span class='ocrx_word' id='word_1_199' title='bbox 699 3266 921 3348; x_wconf 85' lang='lat' dir='ltr'>considerato,</span> <span class='ocrx_word' id='word_1_200' title='bbox 952 3267 981 3331; x_wconf 90' lang='lat' dir='ltr'>si</span> <span class='ocrx_word' id='word_1_201' title='bbox 1009 3284 1086 3332; x_wconf 86' lang='lat' dir='ltr'>reus</span> <span class='ocrx_word' id='word_1_202' title='bbox 1116 3272 1265 3348; x_wconf 89' lang='lat' dir='ltr'>tempore</span> <span class='ocrx_word' id='word_1_203' title='bbox 1289 3267 1467 3334; x_wconf 88' lang='lat' dir='ltr'>mortifica·</span> 
     </span>
     <span class='ocr_line' id='line_1_29' title="bbox 268 3369 1466 3460; baseline 0 -24"><span class='ocrx_word' id='word_1_204' title='bbox 268 3371 370 3460; x_wconf 89' lang='lat' dir='ltr'>tionis</span> <span class='ocrx_word' id='word_1_205' title='bbox 393 3370 427 3435; x_wconf 91' lang='lat' dir='ltr'>iu</span> <span class='ocrx_word' id='word_1_206' title='bbox 451 3371 516 3436; x_wconf 88' lang='lat' dir='ltr'>alio</span> <span class='ocrx_word' id='word_1_207' title='bbox 539 3370 611 3437; x_wconf 92' lang='lat' dir='ltr'>loco</span> <span class='ocrx_word' id='word_1_208' title='bbox 635 3377 703 3435; x_wconf 85' lang='lat' dir='ltr'>tam</span> <span class='ocrx_word' id='word_1_209' title='bbox 728 3376 864 3450; x_wconf 88' lang='lat' dir='ltr'>remoto,</span> <span class='ocrx_word' id='word_1_210' title='bbox 898 3372 985 3449; x_wconf 89' lang='lat' dir='ltr'>quod</span> <span class='ocrx_word' id='word_1_211' title='bbox 1016 3369 1071 3436; x_wconf 91' lang='lat' dir='ltr'>hic</span> <span class='ocrx_word' id='word_1_212' title='bbox 1094 3387 1169 3437; x_wconf 87' lang='lat' dir='ltr'>esse</span> <span class='ocrx_word' id='word_1_213' title='bbox 1200 3389 1266 3438; x_wconf 93' lang='lat' dir='ltr'>uon</span> <span class='ocrx_word' id='word_1_214' title='bbox 1289 3371 1409 3454; x_wconf 90' lang='lat' dir='ltr'>potuit,</span> <span class='ocrx_word' id='word_1_215' title='bbox 1431 3389 1466 3438; x_wconf 91' lang='lat' dir='ltr'>se</span> 
     </span>
     <span class='ocr_line' id='line_1_30' title="bbox 267 3472 1466 3557; baseline 0.001 -17"><span class='ocrx_word' id='word_1_216' title='bbox 267 3474 371 3541; x_wconf 83' lang='lat' dir='ltr'>fuisse</span> <span class='ocrx_word' id='word_1_217' title='bbox 393 3473 550 3556; x_wconf 89' lang='lat' dir='ltr'>probavit</span> <span class='ocrx_word' id='word_1_218' title='bbox 579 3492 639 3555; x_wconf 91' lang='lat' dir='ltr'>per</span> <span class='ocrx_word' id='word_1_219' title='bbox 661 3472 795 3539; x_wconf 89' lang='lat' dir='ltr'>litteras</span> <span class='ocrx_word' id='word_1_220' title='bbox 820 3475 881 3538; x_wconf 94' lang='lat' dir='ltr'>sub</span> <span class='ocrx_word' id='word_1_221' title='bbox 913 3472 1033 3556; x_wconf 83' lang='lat' dir='ltr'>sigillis</span> <span class='ocrx_word' id='word_1_222' title='bbox 1057 3474 1263 3541; x_wconf 89' lang='lat' dir='ltr'>authenticis</span> <span class='ocrx_word' id='word_1_223' title='bbox 1285 3474 1466 3557; x_wconf 88' lang='lat' dir='ltr'>confectas,</span> 
     </span>
     <span class='ocr_line' id='line_1_31' title="bbox 267 3577 1466 3660; baseline -0.001 -16"><span class='ocrx_word' id='word_1_224' title='bbox 267 3579 323 3644; x_wconf 93' lang='lat' dir='ltr'>vel</span> <span class='ocrx_word' id='word_1_225' title='bbox 346 3577 537 3645; x_wconf 89' lang='lat' dir='ltr'>testimonio</span> <span class='ocrx_word' id='word_1_226' title='bbox 573 3579 749 3660; x_wconf 91' lang='lat' dir='ltr'>proborum</span> <span class='ocrx_word' id='word_1_227' title='bbox 780 3577 943 3659; x_wconf 89' lang='lat' dir='ltr'>virorum;</span> <span class='ocrx_word' id='word_1_228' title='bbox 977 3583 1058 3643; x_wconf 89' lang='lat' dir='ltr'>tune</span> <span class='ocrx_word' id='word_1_229' title='bbox 1088 3577 1338 3644; x_wconf 87' lang='lat' dir='ltr'>rationabiliter</span> <span class='ocrx_word' id='word_1_230' title='bbox 1360 3580 1466 3646; x_wconf 91' lang='lat' dir='ltr'>absol·</span> 
     </span>
    </p>
   </div>
   <div class='ocr_carea' id='block_1_4' title="bbox 264 3678 1465 4392">
    <p class='ocr_par' dir='ltr' id='par_1_7' title="bbox 264 3678 1465 4392">
     <span class='ocr_line' id='line_1_32' title="bbox 267 3678 1465 3767; baseline -0.002 -17"><span class='ocrx_word' id='word_1_231' title='bbox 267 3689 378 3765; x_wconf 89' lang='lat' dir='ltr'>vetur,</span> <span class='ocrx_word' id='word_1_232' title='bbox 401 3678 466 3749; x_wconf 86' lang='lat' dir='ltr'>nisi</span> <span class='ocrx_word' id='word_1_233' title='bbox 491 3683 660 3764; x_wconf 89' lang='lat' dir='ltr'>probetur,</span> <span class='ocrx_word' id='word_1_234' title='bbox 683 3682 805 3748; x_wconf 84' lang='lat' dir='ltr'>absens</span> <span class='ocrx_word' id='word_1_235' title='bbox 822 3681 856 3746; x_wconf 88' lang='lat' dir='ltr'>id</span> <span class='ocrx_word' id='word_1_236' title='bbox 874 3681 948 3748; x_wconf 94' lang='lat' dir='ltr'>dolo</span> <span class='ocrx_word' id='word_1_237' title='bbox 963 3682 1085 3748; x_wconf 87' lang='lat' dir='ltr'>fecisse</span> <span class='ocrx_word' id='word_1_238' title='bbox 1101 3683 1156 3749; x_wconf 95' lang='lat' dir='ltr'>vel</span> <span class='ocrx_word' id='word_1_239' title='bbox 1170 3683 1244 3749; x_wconf 89' lang='lat' dir='ltr'>fieri</span> <span class='ocrx_word' id='word_1_240' title='bbox 1260 3701 1465 3767; x_wconf 85' lang='lat' dir='ltr'>procurasse.</span> 
     </span>
     <span class='ocr_line' id='line_1_33' title="bbox 372 3786 1464 3868; baseline 0.003 -16"><span class='ocrx_word' id='word_1_241' title='bbox 372 3787 408 3852; x_wconf 86' lang='lat' dir='ltr'>Si</span> <span class='ocrx_word' id='word_1_242' title='bbox 431 3790 543 3853; x_wconf 88' lang='lat' dir='ltr'>autem</span> <span class='ocrx_word' id='word_1_243' title='bbox 566 3804 646 3853; x_wconf 89' lang='lat' dir='ltr'>reus</span> <span class='ocrx_word' id='word_1_244' title='bbox 668 3791 848 3852; x_wconf 85' lang='lat' dir='ltr'>accusatus</span> <span class='ocrx_word' id='word_1_245' title='bbox 880 3787 922 3851; x_wconf 91' lang='lat' dir='ltr'>de</span> <span class='ocrx_word' id='word_1_246' title='bbox 945 3786 1200 3854; x_wconf 89' lang='lat' dir='ltr'>mortificatione</span> <span class='ocrx_word' id='word_1_247' title='bbox 1224 3788 1317 3868; x_wconf 86' lang='lat' dir='ltr'>prius</span> <span class='ocrx_word' id='word_1_248' title='bbox 1341 3788 1464 3855; x_wconf 89' lang='lat' dir='ltr'>laesam</span> 
     </span>
     <span class='ocr_line' id='line_1_34' title="bbox 267 3889 1463 3974; baseline 0.001 -19"><span class='ocrx_word' id='word_1_249' title='bbox 267 3889 386 3955; x_wconf 88' lang='lat' dir='ltr'>habuit</span> <span class='ocrx_word' id='word_1_250' title='bbox 415 3889 536 3956; x_wconf 83' lang='lat' dir='ltr'>lamam</span> <span class='ocrx_word' id='word_1_251' title='bbox 571 3894 605 3955; x_wconf 86' lang='lat' dir='ltr'>ct</span> <span class='ocrx_word' id='word_1_252' title='bbox 635 3908 754 3955; x_wconf 91' lang='lat' dir='ltr'>nomen</span> <span class='ocrx_word' id='word_1_253' title='bbox 785 3889 905 3954; x_wconf 88' lang='lat' dir='ltr'>malum</span> <span class='ocrx_word' id='word_1_254' title='bbox 940 3907 1001 3955; x_wconf 92' lang='lat' dir='ltr'>seu</span> <span class='ocrx_word' id='word_1_255' title='bbox 1030 3890 1135 3959; x_wconf 87' lang='lat' dir='ltr'>vitam</span> <span class='ocrx_word' id='word_1_256' title='bbox 1167 3891 1351 3974; x_wconf 88' lang='lat' dir='ltr'>culpatam:</span> <span class='ocrx_word' id='word_1_257' title='bbox 1386 3900 1463 3958; x_wconf 90' lang='lat' dir='ltr'>tuuc</span> 
     </span>
     <span class='ocr_line' id='line_1_35' title="bbox 265 3993 1463 4076; baseline 0.003 -17"><span class='ocrx_word' id='word_1_258' title='bbox 265 3993 428 4076; x_wconf 88' lang='lat' dir='ltr'>temporis</span> <span class='ocrx_word' id='word_1_259' title='bbox 451 3994 544 4060; x_wconf 90' lang='lat' dir='ltr'>locus</span> <span class='ocrx_word' id='word_1_260' title='bbox 568 3999 603 4060; x_wconf 91' lang='lat' dir='ltr'>et</span> <span class='ocrx_word' id='word_1_261' title='bbox 625 3993 713 4060; x_wconf 85' lang='lat' dir='ltr'>aliae</span> <span class='ocrx_word' id='word_1_262' title='bbox 731 3993 1003 4060; x_wconf 88' lang='lat' dir='ltr'>circumstantiae</span> <span class='ocrx_word' id='word_1_263' title='bbox 1027 3993 1293 4061; x_wconf 86' lang='lat' dir='ltr'>mortificationis</span> <span class='ocrx_word' id='word_1_264' title='bbox 1317 3996 1463 4063; x_wconf 88' lang='lat' dir='ltr'>conside·</span> 
     </span>
     <span class='ocr_line' id='line_1_36' title="bbox 266 4096 1462 4180; baseline 0.003 -18"><span class='ocrx_word' id='word_1_265' title='bbox 266 4096 337 4163; x_wconf 91' lang='lat' dir='ltr'>rari</span> <span class='ocrx_word' id='word_1_266' title='bbox 370 4099 504 4180; x_wconf 89' lang='lat' dir='ltr'>debent,</span> <span class='ocrx_word' id='word_1_267' title='bbox 537 4098 625 4164; x_wconf 91' lang='lat' dir='ltr'>etsi</span> <span class='ocrx_word' id='word_1_268' title='bbox 649 4117 690 4164; x_wconf 90' lang='lat' dir='ltr'>ex</span> <span class='ocrx_word' id='word_1_269' title='bbox 713 4096 795 4179; x_wconf 87' lang='lat' dir='ltr'>ipsis</span> <span class='ocrx_word' id='word_1_270' title='bbox 828 4097 1034 4164; x_wconf 87' lang='lat' dir='ltr'>considerari</span> <span class='ocrx_word' id='word_1_271' title='bbox 1057 4103 1177 4180; x_wconf 86' lang='lat' dir='ltr'>potest,</span> <span class='ocrx_word' id='word_1_272' title='bbox 1208 4100 1297 4179; x_wconf 90' lang='lat' dir='ltr'>quod</span> <span class='ocrx_word' id='word_1_273' title='bbox 1326 4099 1462 4166; x_wconf 89' lang='lat' dir='ltr'>veritati</span> 
     </span>
     <span class='ocr_line' id='line_1_37' title="bbox 264 4199 1461 4282; baseline 0.002 -16"><span class='ocrx_word' id='word_1_274' title='bbox 264 4203 448 4267; x_wconf 89' lang='lat' dir='ltr'>concordet</span> <span class='ocrx_word' id='word_1_275' title='bbox 470 4207 506 4268; x_wconf 90' lang='lat' dir='ltr'>et</span> <span class='ocrx_word' id='word_1_276' title='bbox 528 4201 708 4268; x_wconf 85' lang='lat' dir='ltr'>notabilem</span> <span class='ocrx_word' id='word_1_277' title='bbox 731 4199 954 4282; x_wconf 88' lang='lat' dir='ltr'>suspicionem</span> <span class='ocrx_word' id='word_1_278' title='bbox 975 4201 1058 4268; x_wconf 88' lang='lat' dir='ltr'>facit</span> <span class='ocrx_word' id='word_1_279' title='bbox 1081 4205 1123 4270; x_wconf 89' lang='lat' dir='ltr'>de</span> <span class='ocrx_word' id='word_1_280' title='bbox 1146 4221 1219 4270; x_wconf 90' lang='lat' dir='ltr'>reo:</span> <span class='ocrx_word' id='word_1_281' title='bbox 1243 4208 1323 4269; x_wconf 86' lang='lat' dir='ltr'>tuuc</span> <span class='ocrx_word' id='word_1_282' title='bbox 1340 4203 1461 4271; x_wconf 85' lang='lat' dir='ltr'>actoris</span> 
     </span>
     <span class='ocr_line' id='line_1_38' title="bbox 265 4304 1286 4392; baseline 0.002 -23"><span class='ocrx_word' id='word_1_283' title='bbox 265 4304 458 4371; x_wconf 86' lang='lat' dir='ltr'>testimonio</span> <span class='ocrx_word' id='word_1_284' title='bbox 482 4305 701 4374; x_wconf 88' lang='lat' dir='ltr'>convincetur</span> <span class='ocrx_word' id='word_1_285' title='bbox 723 4324 765 4372; x_wconf 89' lang='lat' dir='ltr'>ex</span> <span class='ocrx_word' id='word_1_286' title='bbox 788 4305 1057 4387; x_wconf 88' lang='lat' dir='ltr'>praesumptione</span> <span class='ocrx_word' id='word_1_287' title='bbox 1081 4307 1286 4392; x_wconf 82' lang='lat' dir='ltr'>judicandus.</span> 
     </span>
    </p>
   </div>
   <div class='ocr_carea' id='block_1_5' title="bbox 0 0 1642 5009">
    <p class='ocr_par' dir='ltr' id='par_1_8' title="bbox 0 0 1642 5009">
     <span class='ocr_line' id='line_1_39' title="bbox 0 0 1642 5009; baseline 0 4"><span class='ocrx_word' id='word_1_288' title='bbox 0 0 1642 5009; x_wconf 95' lang='lat' dir='ltr'> </span> 
     </span>
    </p>
   </div>
  </div>
 </body>
</html>
