3275 5009
280 354 332 407 146
794 355 960 410 Sententiae

277 567 315 628 et
328 536 510 644 ascribens,
523 533 623 644 nulla,
635 562 716 630 licet
729 565 830 630 etiem
843 567 1004 647 temporis
1019 566 1208 650 longissimi
1222 571 1484 651 praescriptione

284 667 410 749 poterit
434 685 470 733 se
493 667 589 750 tueri,
613 687 685 734 oum
709 687 841 751 semper
863 670 950 736 mala
972 671 1037 737 tide
1060 690 1129 738 rem
1146 674 1321 753 possideat
1335 675 1486 742 alienam.

1578 654 1580 753 l

280 771 431 838 Infidelis
454 770 555 837 etiam
578 791 753 853 possessor
769 775 875 840 malae
890 773 968 840 tidei
984 793 1051 840 non
1073 777 1178 841 solnm
1195 795 1215 843 a
1232 778 1408 862 communi,
1423 779 1485 844 imo
1578 766 1579 819 Ὗ

280 877 417 962 privata
441 894 585 958 persona
606 879 867 974 communitatis
890 879 944 944 cui
968 881 1009 945 de
1033 880 1096 945 hoc
1120 880 1327 952 constiterit.
1357 883 1484 963 poterit

287 999 448 1048 accusari.

385 1103 456 1170 333.
491 1100 545 1168 Ad
571 1103 664 1182 idem,
690 1104 724 1165 in
752 1103 868 1187 quitor
888 1106 1116 1188 praescriptio
1148 1103 1250 1168 locam
1279 1127 1344 1170 non
1375 1106 1484 1173 habet.

278 1211 313 1278 A
326 1209 487 1292 collectis
504 1208 822 1292 contributionibus„
836 1209 960 1276 steuris
983 1215 1019 1276 et
1043 1210 1309 1293 quibuscumque
1329 1212 1485 1278 civilibus

279 1311 440 1380 oneribus
468 1330 529 1395 per
551 1311 706 1395 superius
736 1312 916 1380 dominium
945 1313 1000 1381 vel
1030 1318 1183 1382 rectores
1212 1315 1319 1396 plebis
1342 1333 1484 1381 commu-

277 1416 381 1484 nitati
404 1415 581 1500 impositis,
603 1417 772 1485 solvendis
795 1435 862 1484 non
885 1422 1000 1500 potest
1022 1436 1059 1484 se
1075 1419 1195 1500 aliquis
1214 1419 1483 1500 praescriptione
1579 1474 1581 1501 ÷

277 1525 581 1603 quantumcumque
605 1521 705 1604 longa
732 1522 830 1587 tueri.
861 1523 901 1587 ln
932 1522 1012 1589 solis
1045 1524 1132 1589 enim
1162 1523 1421 1607 hereditatibus
1450 1529 1485 1588 et

282 1625 406 1696 nonin
429 1625 539 1692 causis
562 1623 647 1708 aliis
670 1624 893 1708 praescriptio
916 1626 1023 1693 locum
1046 1627 1159 1693 habet.
1370 1617 1375 1626 “

385 1755 458 1820 334.
482 1753 532 1817 De
556 1755 769 1818 hereditatum
786 1754 992 1840 obligatione.
1018 1755 1157 1841 „obligo
1173 1756 1236 1823 tibi
1251 1775 1354 1840 agros
1369 1757 1479 1824 cultos
1579 1736 1580 1757 ¹

283 1863 320 1926 et
331 1861 489 1942 quosdam
504 1859 648 1927 incultos
665 1878 724 1942 pro
740 1859 844 1927 XXX
858 1859 979 1928 marcis
995 1877 1101 1939 usque
1118 1863 1161 1927 ad
1177 1864 1307 1926 certum
1322 1880 1481 1928 annorum
1579 1888 1580 1941 ς

1579 1520 1581 1607 l

1579 1612 1580 1675 l

280 1982 452 2030 numerum
475 1981 536 2045 per
551 1968 585 2029 te
602 1966 782 2044 tenendos
798 1965 919 2045 quibus
936 1964 1132 2047 praeteritis
1147 1981 1209 2047 ego
1225 1963 1288 2030 tibi
1305 1967 1481 2047 pecuniam

278 2067 432 2150 offerens,
456 2087 555 2152 agros
587 2068 666 2134 miti
698 2073 775 2149 peto
806 2069 942 2135 restitui
974 2069 1181 2150 persolutus
1210 2073 1247 2134 tu
1277 2087 1361 2135 vero
1391 2071 1481 2135 ultra

278 2179 405 2239 sortem
436 2190 628 2239 concessam
659 2174 801 2253 requiris
826 2192 847 2239 a
869 2192 920 2240 me
951 2174 1143 2260 pensionem
1174 2173 1331 2253 debitam,
1361 2192 1403 2239 ex
1435 2191 1482 2248 eo,

282 2295 390 2358 quam,
415 2279 503 2357 quod
525 2275 696 2343 laboribus
721 2278 881 2362 gravibus
904 2297 1004 2362 agros
1027 2278 1173 2344 incultos
1193 2277 1300 2343 aresti
1317 2282 1352 2343 et
1366 2276 1481 2342 fructi·

278 2379 369 2447 feros
379 2381 566 2465 reddidisti,
577 2387 611 2448 te
622 2383 747 2448 asseris
757 2383 918 2448 meruisse
927 2387 975 2460 (et
984 2381 1117 2466 infra).“
1127 2381 1481 2464 Respondetuernod

277 2484 483 2568 allegatione
499 2491 557 2551 tua
573 2488 822 2568 nonobstante,
838 2492 962 2552 sortem
978 2485 1205 2553 concessionis
1222 2505 1242 2554 a
1257 2504 1311 2554 me
1331 2487 1481 2568 recipere

278 2594 317 2654 et
349 2607 448 2672 egros
483 2590 561 2656 mihi
596 2592 698 2656 debes
734 2592 858 2658 liberos
890 2591 1081 2674 resignare3
1112 2591 1191 2669 quia
1219 2609 1278 2672 pro
1309 2588 1478 2655 laboribus
1580 2597 1582 2683 j

279 2700 316 2760 et
340 2694 504 2776 expensis
531 2695 613 2775 quos
645 2698 679 2760 et
710 2714 793 2776 quas
824 2696 860 2761 in
887 2695 1028 2760 culturis
1058 2712 1223 2779 agrorum,
1254 2711 1336 2772 quos
1366 2689 1479 2758 fecisti
1580 2690 1582 2721 l

279 2797 436 2882 arabiles
458 2803 493 2863 te
517 2798 601 2864 dicis
631 2799 844 2880 impendisse,
873 2797 1004 2865 fructus
1034 2817 1095 2880 per
1125 2815 1231 2863 annos
1263 2794 1476 2878 obligat-ionis
1580 2840 1581 2857 t

281 2898 341 2983 per
363 2907 398 2968 te
421 2901 571 2984 suscepti
593 2902 655 2969 tibi
679 2902 887 2969 satisfecisse
910 2901 1159 2968 rationabiliter
1177 2900 1381 2985 J'udicantur.

384 3041 456 3104 335.
478 3040 530 3104 De
544 3041 723 3105 hereditate
733 3040 892 3124 pluribus
908 3039 1062 3125 obliquiu.
1088 3039 1125 3106 Si
1139 3039 1312 3107 hereditas
1327 3040 1478 3121 pluribus
1580 3080 1581 3111 ς

278 3143 429 3229 obligata
451 3145 555 3212 fuerit
578 3145 808 3228 creditoribus,
832 3163 970 3226 quorum
994 3162 1089 3227 uuus
1111 3141 1187 3208 aliis
1211 3160 1276 3208 non
1295 3141 1479 3223 requisitis

278 3247 386 3329 ipsam
410 3252 551 3316 vendat:
574 3250 662 3316 alter
685 3251 841 3335 creditor,
868 3248 1074 3332 studuerit,
1098 3251 1247 3329 emptore
1270 3246 1404 3328 repulso
1438 3247 1477 3309 de

282 3351 481 3436 hereditate,
504 3373 564 3436 pro
596 3354 653 3419 illo
687 3361 798 3421 tamen
833 3341 951 3435 pretio,
982 3371 1041 3436 pro
1073 3371 1138 3433 quo
1168 3351 1307 3417 vendita
1337 3349 1412 3432 fuit,
1443 3363 1478 3412 se

281 3457 511 3524 intromittere
536 3459 661 3542 poterit
684 3460 781 3541 pleno
801 3459 888 3545 jure.

386 3589 458 3656 336.
496 3588 545 3652 Do
583 3587 819 3652 hereditatibus
857 3586 1010 3680 obliquatis
1045 3594 1199 3671 quamtum
1233 3583 1279 3648 od
1310 3585 1475 3646 terminum

280 3691 462 3755 solutionis.
509 3691 545 3758 Si
582 3693 753 3759 hereditas
791 3693 941 3776 obligata
984 3691 1144 3758 creditori
1182 3708 1244 3771 per
1287 3688 1476 3759 debitorem,

279 3799 462 3874 antequam
496 3796 656 3862 terminus
691 3796 796 3863 instet
827 3796 1014 3880 solutionis
1048 3813 1107 3877 pro
1138 3793 1283 3876 pecunia
1314 3795 1477 3860 vendatur

283 3909 418 3983 parata:
442 3899 590 3966 creditor
619 3901 743 3982 statim,
776 3900 843 3967 nisi
873 3900 1005 3966 debitor
1035 3899 1190 3966 cautione
1221 3896 1402 3964 sufficienti
1425 3894 1476 3962 vel

283 4004 423 4088 pignore
457 4005 684 4086 aequivalenti
714 4023 797 4086 eum,
828 4007 916 4084 quod
947 4021 1051 4085 usque
1075 4005 1116 4068 ad
1141 4004 1323 4068 adrentum
1347 3996 1474 4068 termini

279 4108 459 4192 sustineat,
484 4107 656 4192 certificet,
679 4109 721 4174 de
744 4108 813 4174 suis
838 4107 961 4174 debitis
984 4116 1039 4173 est
1062 4107 1244 4190 pagandus.

291 4235 293 4244 Α
387 4248 458 4314 337.
490 4248 539 4310 De
561 4247 737 4312 hereditate
767 4213 945 4330 obliponda
973 4254 1129 4331 quantam
1159 4243 1204 4307 ad
1226 4243 1473 4329 fidejussionem.

280 4353 320 4420 Si
342 4353 415 4434 quis
437 4353 638 4420 adveniente
662 4352 802 4419 termino
817 4351 1045 4434 fidejussorem
1061 4368 1156 4416 suum
1173 4349 1343 4433 ajudaeis
1359 4351 1473 4431 parata
