3275 5009
160 301 162 306 ¹
236 322 270 374 56
753 318 919 376 Sententiae

235 535 270 598 et
293 530 393 612 illum,
415 531 470 596 oui
492 529 673 612 imponitur
696 527 829 608 occisio,
844 531 887 596 ab
904 529 1048 597 invicem
1063 534 1266 612 separasset.
1290 527 1436 614 Quaerit

235 653 315 720 ergo
338 639 442 717 actor,
465 651 538 703 oum
560 635 786 717 tabernariae,
808 653 905 716 quem
928 633 1001 717 ipse
1016 653 1076 718 pro
1093 639 1184 702 teste
1209 632 1436 702 nominaverit

110 725 114 733 ’
236 745 271 808 et
294 740 329 806 in
350 739 445 821 cujus
458 738 659 809 ¹testimonio
683 739 874 809 contentari
896 739 988 819 velit
1010 756 1070 824 pro
1093 758 1131 808 se
1154 739 1200 806 sit
1216 736 1433 821 testificatus,

234 854 345 914 utrum
365 845 437 936 ejus
452 844 677 916 testimonium
693 845 757 914 sibi
773 864 839 913 nou
857 846 981 912 debeat
992 843 1210 927 justitiahtar
1225 839 1431 926 suffragari?

236 949 289 1020 nx
311 952 409 1031 parte
431 966 512 1017 vero
535 948 587 1016 rei
610 951 792 1034 quaeritur,
815 954 928 1017 utrum
943 947 1171 1015 testimonium
1186 948 1333 1028 tuorum,
1349 963 1435 1026 quos

235 1053 450 1120 tabernarius
487 1053 678 1138 assumpsit,
715 1070 782 1121 non
812 1053 858 1120 sit
887 1051 1080 1120 testimonio
1111 1051 1215 1119 solius
1245 1048 1435 1118 tabernarii

236 1157 355 1226 merito
379 1158 657 1239 praeferendum?

338 1262 575 1346 Interrogatur
597 1280 678 1348 ergo
702 1261 816 1347 primo,
841 1280 926 1344 quae
948 1261 1094 1344 partium
1113 1260 1201 1328 XIII
1216 1260 1355 1343 talenta,
1368 1277 1436 1342 per

235 1384 321 1448 quae
344 1365 519 1452 arbitrium
543 1372 702 1447 quantum
727 1367 771 1433 ad
786 1366 981 1434 violentiam
997 1369 1174 1433 verborum
1192 1370 1245 1434 est
1259 1364 1437 1448 venatum,

236 1471 347 1555 potius
376 1473 558 1539 secundum
588 1470 712 1538 dictum
747 1471 973 1540 testimonium
1005 1470 1137 1538 solvere
1170 1468 1350 1538 teneatur?
1384 1467 1436 1533 Et

236 1577 391 1658 secundo,
425 1593 522 1655 quam
554 1574 621 1642 vim
655 1575 882 1644 testimonium
918 1574 1062 1657 hospitis
1091 1573 1277 1642 tabernarii
1305 1574 1434 1641 habere

237 1681 368 1763 debeat,
394 1683 505 1746 utrum
535 1679 760 1762 aequipolleat
789 1681 982 1748 testimonio
1010 1679 1126 1766 jurati,
1156 1679 1212 1748 vel
1234 1678 1280 1745 sit
1301 1675 1436 1744 minus?

236 1784 283 1850 Et
305 1783 417 1868 tertio,
447 1787 557 1850 utrum
580 1783 674 1867 prins
698 1783 744 1851 sit
766 1787 933 1870 agendum
966 1785 1001 1851 in
1034 1801 1115 1852 oasa
1148 1783 1357 1866 praescripto
1387 1783 1434 1848 vie

236 1906 378 1958 excessu
401 1889 586 1972 verborum,
610 1888 651 1954 <le
675 1906 737 1969 quo
760 1893 876 1971 partes
893 1891 1110 1972 contendunt,
1124 1887 1180 1956 vel
1195 1888 1237 1954 de
1252 1885 1435 1955 homicidio

235 1995 440 2075 perpetrato,
483 1998 519 2059 et
553 1996 663 2087 utrum
698 2011 759 2076 per
791 1992 1003 2061 homicidium
1037 1994 1252 2059 subsecutum
1285 2009 1351 2058 nou
1384 1989 1434 2056 sit

234 2111 342 2178 poena
365 2095 508 2180 arbitrii,
530 2100 754 2177 quantumque
777 2097 820 2164 avi
844 2115 1018 2164 excessum
1033 2100 1068 2163 et
1084 2095 1330 2164 inchoationem
1353 2113 1432 2162 ver·

233 2202 349 2268 borum
370 2201 490 2285 posita,
514 2201 667 2268 extincta
690 2201 824 2284 penitus
848 2207 884 2268 et
907 2202 1051 2269 sublata.

340 2303 448 2387 Super
468 2322 606 2390 qnorum
629 2306 767 2388 primum
798 2305 979 2374 diffinitum
1007 2305 1089 2374 fult:
1119 2305 1200 2372 Cum
1222 2319 1285 2381 nec
1308 2303 1433 2384 hospes

235 2410 458 2494 tabernarius,
496 2427 559 2480 uec
595 2410 653 2478 alii
690 2411 764 2488 duo,
802 2429 885 2491 quos
917 2409 1111 2493 assumpsit,
1143 2405 1319 2475 testificati
1353 2409 1435 2472 sunt

237 2530 406 2598 expresse,
429 2531 514 2595 quae
537 2531 616 2596 pars
639 2513 732 2580 litem
760 2515 874 2582 verbis
904 2514 1125 2598 inchoaverit,
1156 2530 1218 2580 uec
1247 2513 1290 2579 de
1320 2527 1434 2576 eorum

236 2616 427 2684 testimonio
450 2618 681 2702 suprascripto
697 2624 849 2703 apparet,
863 2623 986 2686 neutra
1001 2619 1147 2702 partium
1162 2619 1204 2684 de
1220 2614 1435 2684 inchoatione

236 2719 316 2804 litis,
339 2724 499 2803 quantum
521 2721 565 2787 ari
587 2721 701 2804 verba,
716 2737 778 2803 per
796 2726 904 2789 testes
920 2721 1108 2807 hup‘usmoii
1124 2725 1178 2790 est
1192 2720 1355 2788 convicta.
1377 2717 1435 2786 Ad

237 2827 419 2892 secundum
451 2829 564 2891 autem
598 2825 722 2892 dictum
754 2825 828 2909 fuit,
860 2827 1012 2908 quamvis
1044 2827 1136 2895 circa
1165 2825 1308 2894 villanos
1336 2821 1434 2890 testi·

236 2929 379 2995 monium
402 2927 545 3010 hospitis
568 2928 792 3010 aequipolleat
814 2929 1008 2997 testimonIo
1027 2931 1144 3016 jurati,
1166 2934 1279 2996 tamen
1300 2927 1433 3009 injure

238 3032 388 3100 civitatis
418 3049 484 3098 non
514 3032 688 3099 consuevit
718 3031 781 3099 hoc
811 3034 1002 3115 observar13
1033 3040 1069 3102 et
1098 3034 1240 3102 maxime
1263 3033 1299 3098 in
1320 3029 1433 3098 causis

236 3137 365 3221 maguis
378 3143 413 3204 et
425 3137 637 3220 capitaneus,
649 3143 683 3202 et
695 3137 876 3220 praecipue
891 3157 967 3205 cum
983 3138 1135 3220 hospites
1147 3139 1217 3205 sint
1228 3133 1433 3216 tabernarii3

236 3242 363 3308 tahbus
386 3243 474 3308 euim
497 3259 563 3308 non
587 3241 763 3311 consuevit
784 3247 882 3309 tanta
897 3242 981 3311 fides
996 3242 1086 3310 siout
1101 3241 1225 3310 ceteris
1241 3240 1433 3323 hospitibus

237 3365 304 3413 non
325 3345 528 3412 tabernariis
552 3344 714 3412 adhiberi.
736 3345 789 3411 hu
811 3344 951 3413 tertium
973 3349 1086 3412 autem
1108 3346 1236 3412 (lictum
1257 3343 1332 3426 mit,
1358 3359 1433 3410 oum

145 3457 150 3470 '
237 3467 395 3518 excessus
418 3447 582 3516 factorum
604 3451 709 3535 major
731 3449 778 3515 sit
800 3467 944 3517 excessu
966 3453 1153 3527 verborum,
1184 3446 1434 3516 rationabiliter

238 3555 331 3637 prius
362 3555 528 3637 agendum
562 3555 604 3620 de
639 3569 780 3620 excessu
808 3552 902 3638 facti,
931 3554 1020 3622 sicut
1043 3553 1220 3632 homicidii,
1243 3557 1306 3635 ast,
1334 3569 1435 3632 quam

237 3659 431 3738 verborum;
453 3675 559 3739 poene
582 3657 683 3724 etiam
706 3659 885 3723 verborum
909 3657 943 3725 in
964 3657 1175 3740 praescripto
1198 3655 1340 3724 arbitrio
1355 3673 1431 3722 oon·

237 3764 333 3826 tenta
356 3758 477 3826 merito
495 3760 668 3845 judicatur
691 3766 822 3827 mortua
837 3779 880 3827 ex
895 3762 1081 3842 homicidio,
1098 3763 1151 3831 cui
1167 3764 1310 3829 debetur
1324 3777 1434 3842 poena

237 3864 369 3947 capitis,
392 3865 580 3932 subsecuto.
609 3865 736 3932 Volunt
758 3864 860 3932 etiam
882 3867 988 3932 multa
1007 3869 1094 3953 jura,
1113 3865 1202 3934 sicut
1218 3870 1272 3932 ast
1286 3865 1435 3932 rationa-

236 3967 312 4053 bile,
335 3969 423 4050 quod
447 3986 586 4050 poenam
610 3969 732 4052 eapitis
756 3986 815 4036 sen
837 3971 930 4038 vitae
954 3971 1178 4056 privationem
1200 3970 1370 4038 sustinens
1389 3970 1435 4034 all

237 4090 377 4154 poenam
400 4071 500 4139 aliam
523 4074 715 4142 nullatenus
739 4072 920 4157 obligetur.

342 4213 392 4278 87.
417 4211 507 4300 (Br.)
534 4209 648 4275 Utrum
664 4211 865 4276 arbitrorum
882 4217 1101 4280 testimoniam
1109 4215 1330 4300 praeferatur
1345 4213 1436 4276 testi-

236 4317 343 4379 monio
357 4318 557 4401 juratorum.
582 4315 765 4398 Postquam
780 4317 845 4384 duo
862 4319 991 4401 arbitri,
1007 4319 1042 4387 in
1058 4338 1140 4400 quos
1157 4324 1272 4404 partes
1287 4335 1435 4402 compro·
