<?xml version="1.0" encoding="UTF-8"?>
<!DOCTYPE html PUBLIC "-//W3C//DTD XHTML 1.0 Transitional//EN"
    "http://www.w3.org/TR/xhtml1/DTD/xhtml1-transitional.dtd">
<html xmlns="http://www.w3.org/1999/xhtml" xml:lang="en" lang="en">
 <head>
  <title>
</title>
<meta http-equiv="Content-Type" content="text/html;charset=utf-8" />
  <meta name='ocr-system' content='tesseract 3.04.00' />
  <meta name='ocr-capabilities' content='ocr_page ocr_carea ocr_par ocr_line ocrx_word'/>
</head>
<body>
  <div class='ocr_page' id='page_1' title='image "./codexjurisbohem00unkngoog_0107.png"; bbox 0 0 3275 5009; ppageno 0'>
   <div class='ocr_carea' id='block_1_1' title="bbox 341 0 1076 94">
    <p class='ocr_par' dir='ltr' id='par_1_1' title="bbox 341 0 1076 94">
     <span class='ocr_line' id='line_1_1' title="bbox 965 0 1076 23; baseline -0.009 -9"><span class='ocrx_word' id='word_1_1' title='bbox 965 0 1033 23; x_wconf 47' lang='grc'>71..</span> <span class='ocrx_word' id='word_1_2' title='bbox 1062 0 1076 3; x_wconf 65' lang='grc'>”</span> 
     </span>
     <span class='ocr_line' id='line_1_2' title="bbox 661 20 992 55; baseline 0 0"><span class='ocrx_word' id='word_1_3' title='bbox 661 36 698 55; x_wconf 53' lang='grc' dir='ltr'>«Γ</span> <span class='ocrx_word' id='word_1_4' title='bbox 983 20 992 32; x_wconf 43' lang='grc' dir='ltr'>ι</span> 
     </span>
     <span class='ocr_line' id='line_1_3' title="bbox 341 74 524 94; baseline 0 0"><span class='ocrx_word' id='word_1_5' title='bbox 341 74 352 86; x_wconf 64' lang='grc' dir='ltr'><strong><em>ι</em></strong></span> <span class='ocrx_word' id='word_1_6' title='bbox 511 89 524 94; x_wconf 63' lang='lat' dir='ltr'>o</span> 
     </span>
    </p>
   </div>
   <div class='ocr_carea' id='block_1_2' title="bbox 1334 371 2692 426">
    <p class='ocr_par' dir='ltr' id='par_1_2' title="bbox 1334 371 2692 426">
     <span class='ocr_line' id='line_1_4' title="bbox 1334 371 2692 426; baseline 0.001 -1"><span class='ocrx_word' id='word_1_7' title='bbox 1334 371 1667 426; x_wconf 88' lang='lat' dir='ltr'>Brunenses.</span> <span class='ocrx_word' id='word_1_8' title='bbox 2627 372 2692 426; x_wconf 88' lang='grc'>91</span> 
     </span>
    </p>
   </div>
   <div class='ocr_carea' id='block_1_3' title="bbox 307 579 2699 1917">
    <p class='ocr_par' dir='ltr' id='par_1_3' title="bbox 307 579 2699 1704">
     <span class='ocr_line' id='line_1_5' title="bbox 510 579 2696 665; baseline 0.004 -25"><span class='ocrx_word' id='word_1_9' title='bbox 510 580 659 644; x_wconf 86' lang='grc'>151.</span> <span class='ocrx_word' id='word_1_10' title='bbox 706 579 809 644; x_wconf 80' lang='lat' dir='ltr'>De</span> <span class='ocrx_word' id='word_1_11' title='bbox 854 580 1131 664; x_wconf 77' lang='lat' dir='ltr'>dampni</span> <span class='ocrx_word' id='word_1_12' title='bbox 1170 580 1563 644; x_wconf 78' lang='lat' dir='ltr'>hereditarii</span> <span class='ocrx_word' id='word_1_13' title='bbox 1604 583 1872 645; x_wconf 76' lang='lat' dir='ltr'>actione.</span> <span class='ocrx_word' id='word_1_14' title='bbox 1922 581 2110 647; x_wconf 80' lang='lat' dir='ltr'>Haeo</span> <span class='ocrx_word' id='word_1_15' title='bbox 2157 581 2354 665; x_wconf 78' lang='lat' dir='ltr'>aotiO,</span> <span class='ocrx_word' id='word_1_16' title='bbox 2401 600 2547 648; x_wconf 80' lang='lat' dir='ltr'>oum</span> <span class='ocrx_word' id='word_1_17' title='bbox 2594 581 2696 648; x_wconf 81' lang='lat' dir='ltr'>rei</span> 
     </span>
     <span class='ocr_line' id='line_1_6' title="bbox 312 682 2693 767; baseline 0 -18"><span class='ocrx_word' id='word_1_18' title='bbox 312 682 835 766; x_wconf 78' lang='lat' dir='ltr'>persecutionem</span> <span class='ocrx_word' id='word_1_19' title='bbox 875 685 1099 767; x_wconf 83' lang='lat' dir='ltr'>habet,</span> <span class='ocrx_word' id='word_1_20' title='bbox 1132 688 1201 751; x_wconf 90' lang='lat' dir='ltr'>et</span> <span class='ocrx_word' id='word_1_21' title='bbox 1231 683 1464 752; x_wconf 89' lang='lat' dir='ltr'>heredi</span> <span class='ocrx_word' id='word_1_22' title='bbox 1497 685 1666 752; x_wconf 90' lang='lat' dir='ltr'>etin</span> <span class='ocrx_word' id='word_1_23' title='bbox 1697 685 2012 752; x_wconf 85' lang='lat' dir='ltr'>heredem</span> <span class='ocrx_word' id='word_1_24' title='bbox 2043 689 2370 767; x_wconf 88' lang='lat' dir='ltr'>perpetuo</span> <span class='ocrx_word' id='word_1_25' title='bbox 2405 685 2693 762; x_wconf 89' lang='lat' dir='ltr'>dabitur,</span> 
     </span>
     <span class='ocr_line' id='line_1_7' title="bbox 313 782 2691 872; baseline 0 -18"><span class='ocrx_word' id='word_1_26' title='bbox 313 792 378 854; x_wconf 89' lang='lat' dir='ltr'>et</span> <span class='ocrx_word' id='word_1_27' title='bbox 429 806 561 853; x_wconf 92' lang='grc'>11011</span> <span class='ocrx_word' id='word_1_28' title='bbox 622 787 830 853; x_wconf 89' lang='grc'>80111111</span> <span class='ocrx_word' id='word_1_29' title='bbox 899 789 1149 870; x_wconf 79' lang='lat' dir='ltr'><strong>hospiti</strong></span> <span class='ocrx_word' id='word_1_30' title='bbox 1212 792 1455 872; x_wconf 89' lang='grc'>(10111118,</span> <span class='ocrx_word' id='word_1_31' title='bbox 1516 792 1636 856; x_wconf 82' lang='grc' dir='ltr'>8οᾱ</span> <span class='ocrx_word' id='word_1_32' title='bbox 1701 782 2044 871; x_wconf 73' lang='lat' dir='ltr'>inquilinis</span> <span class='ocrx_word' id='word_1_33' title='bbox 2105 794 2175 856; x_wconf 90' lang='lat' dir='ltr'>et</span> <span class='ocrx_word' id='word_1_34' title='bbox 2219 789 2691 870; x_wconf 88' lang='lat' dir='ltr'>inquilinorum</span> 
     </span>
     <span class='ocr_line' id='line_1_8' title="bbox 310 890 2699 976; baseline 0 -18"><span class='ocrx_word' id='word_1_35' title='bbox 310 890 639 967; x_wconf 76' lang='lat' dir='ltr'>uxoribus,</span> <span class='ocrx_word' id='word_1_36' title='bbox 699 892 760 960; x_wconf 91' lang='lat' dir='ltr'>si</span> <span class='ocrx_word' id='word_1_37' title='bbox 803 894 1031 959; x_wconf 89' lang='lat' dir='ltr'>domus</span> <span class='ocrx_word' id='word_1_38' title='bbox 1078 893 1304 960; x_wconf 88' lang='lat' dir='ltr'>vicina</span> <span class='ocrx_word' id='word_1_39' title='bbox 1349 893 1622 960; x_wconf 88' lang='lat' dir='ltr'>ruinosa</span> <span class='ocrx_word' id='word_1_40' title='bbox 1665 892 1874 960; x_wconf 86' lang='lat' dir='ltr'>fuerit</span> <span class='ocrx_word' id='word_1_41' title='bbox 1920 894 2030 960; x_wconf 89' lang='lat' dir='ltr'>vel</span> <span class='ocrx_word' id='word_1_42' title='bbox 2074 893 2397 976; x_wconf 89' lang='lat' dir='ltr'>parietem</span> <span class='ocrx_word' id='word_1_43' title='bbox 2444 892 2699 959; x_wconf 88' lang='lat' dir='ltr'>habeat</span> 
     </span>
     <span class='ocr_line' id='line_1_9' title="bbox 310 993 2696 1080; baseline 0.001 -21"><span class='ocrx_word' id='word_1_44' title='bbox 310 993 693 1063; x_wconf 78' lang='lat' dir='ltr'>inclinatam</span> <span class='ocrx_word' id='word_1_45' title='bbox 739 1002 809 1063; x_wconf 88' lang='lat' dir='ltr'>et</span> <span class='ocrx_word' id='word_1_46' title='bbox 854 1003 1256 1066; x_wconf 88' lang='lat' dir='ltr'>ventrosam.</span> <span class='ocrx_word' id='word_1_47' title='bbox 1305 999 1690 1065; x_wconf 87' lang='lat' dir='ltr'>Cavendum</span> <span class='ocrx_word' id='word_1_48' title='bbox 1753 1005 1858 1065; x_wconf 89' lang='lat' dir='ltr'>est</span> <span class='ocrx_word' id='word_1_49' title='bbox 1915 998 2117 1064; x_wconf 89' lang='lat' dir='ltr'>etiam</span> <span class='ocrx_word' id='word_1_50' title='bbox 2178 998 2330 1080; x_wconf 91' lang='lat' dir='ltr'>illis,</span> <span class='ocrx_word' id='word_1_51' title='bbox 2390 997 2505 1078; x_wconf 91' lang='lat' dir='ltr'>qui</span> <span class='ocrx_word' id='word_1_52' title='bbox 2550 1015 2696 1063; x_wconf 88' lang='lat' dir='ltr'>cum</span> 
     </span>
     <span class='ocr_line' id='line_1_10' title="bbox 311 1099 2696 1183; baseline 0.001 -19"><span class='ocrx_word' id='word_1_53' title='bbox 311 1099 400 1166; x_wconf 92' lang='lat' dir='ltr'>eis</span> <span class='ocrx_word' id='word_1_54' title='bbox 445 1106 807 1167; x_wconf 85' lang='lat' dir='ltr'>morantur.</span> <span class='ocrx_word' id='word_1_55' title='bbox 853 1102 1027 1170; x_wconf 89' lang='lat' dir='ltr'>Item</span> <span class='ocrx_word' id='word_1_56' title='bbox 1072 1103 1131 1168; x_wconf 92' lang='lat' dir='ltr'>si</span> <span class='ocrx_word' id='word_1_57' title='bbox 1177 1103 1325 1183; x_wconf 90' lang='lat' dir='ltr'>quis</span> <span class='ocrx_word' id='word_1_58' title='bbox 1371 1105 1628 1169; x_wconf 86' lang='lat' dir='ltr'>muniat</span> <span class='ocrx_word' id='word_1_59' title='bbox 1675 1103 1851 1168; x_wconf 90' lang='lat' dir='ltr'>viam</span> <span class='ocrx_word' id='word_1_60' title='bbox 1897 1102 2039 1169; x_wconf 89' lang='lat' dir='ltr'>sive</span> <span class='ocrx_word' id='word_1_61' title='bbox 2081 1101 2241 1182; x_wconf 91' lang='lat' dir='ltr'>quid</span> <span class='ocrx_word' id='word_1_62' title='bbox 2270 1101 2451 1167; x_wconf 84' lang='lat' dir='ltr'>aliud</span> <span class='ocrx_word' id='word_1_63' title='bbox 2482 1101 2553 1166; x_wconf 90' lang='lat' dir='ltr'>in</span> <span class='ocrx_word' id='word_1_64' title='bbox 2583 1101 2696 1167; x_wconf 85' lang='lat' dir='ltr'>via</span> 
     </span>
     <span class='ocr_line' id='line_1_11' title="bbox 308 1203 2697 1290; baseline 0.001 -20"><span class='ocrx_word' id='word_1_65' title='bbox 308 1203 563 1286; x_wconf 89' lang='lat' dir='ltr'>publica</span> <span class='ocrx_word' id='word_1_66' title='bbox 586 1204 815 1288; x_wconf 85' lang='lat' dir='ltr'>faciat,</span> <span class='ocrx_word' id='word_1_67' title='bbox 833 1207 1055 1273; x_wconf 89' lang='lat' dir='ltr'>cautio</span> <span class='ocrx_word' id='word_1_68' title='bbox 1079 1209 1292 1274; x_wconf 91' lang='lat' dir='ltr'>locum</span> <span class='ocrx_word' id='word_1_69' title='bbox 1319 1208 1541 1290; x_wconf 88' lang='lat' dir='ltr'>habet,</span> <span class='ocrx_word' id='word_1_70' title='bbox 1567 1226 1653 1273; x_wconf 89' lang='lat' dir='ltr'>ne</span> <span class='ocrx_word' id='word_1_71' title='bbox 1673 1226 1793 1288; x_wconf 89' lang='lat' dir='ltr'>per</span> <span class='ocrx_word' id='word_1_72' title='bbox 1823 1208 1950 1272; x_wconf 91' lang='grc'>1100</span> <span class='ocrx_word' id='word_1_73' title='bbox 1982 1208 2331 1288; x_wconf 89' lang='lat' dir='ltr'>dampnum</span> <span class='ocrx_word' id='word_1_74' title='bbox 2359 1205 2697 1286; x_wconf 89' lang='lat' dir='ltr'>privatum</span> 
     </span>
     <span class='ocr_line' id='line_1_12' title="bbox 309 1308 2698 1393; baseline 0 -20"><span class='ocrx_word' id='word_1_75' title='bbox 309 1309 681 1392; x_wconf 84' lang='lat' dir='ltr'>contingat3</span> <span class='ocrx_word' id='word_1_76' title='bbox 740 1311 823 1376; x_wconf 93' lang='lat' dir='ltr'>de</span> <span class='ocrx_word' id='word_1_77' title='bbox 885 1312 1133 1379; x_wconf 87' lang='lat' dir='ltr'>ceteris</span> <span class='ocrx_word' id='word_1_78' title='bbox 1194 1316 1417 1378; x_wconf 86' lang='lat' dir='ltr'>autem</span> <span class='ocrx_word' id='word_1_79' title='bbox 1476 1312 1639 1376; x_wconf 90' lang='grc'>10018</span> <span class='ocrx_word' id='word_1_80' title='bbox 1721 1310 2001 1393; x_wconf 78' lang='lat' dir='ltr'>publicis</span> <span class='ocrx_word' id='word_1_81' title='bbox 2069 1309 2235 1375; x_wconf 90' lang='lat' dir='ltr'>nihil</span> <span class='ocrx_word' id='word_1_82' title='bbox 2304 1308 2698 1390; x_wconf 82' lang='lat' dir='ltr'>specialiter</span> 
     </span>
     <span class='ocr_line' id='line_1_13' title="bbox 309 1412 2696 1498; baseline 0.001 -23"><span class='ocrx_word' id='word_1_83' title='bbox 309 1416 600 1478; x_wconf 87' lang='lat' dir='ltr'>cavetur.</span> <span class='ocrx_word' id='word_1_84' title='bbox 625 1412 798 1480; x_wconf 87' lang='lat' dir='ltr'>Item</span> <span class='ocrx_word' id='word_1_85' title='bbox 824 1415 1137 1498; x_wconf 89' lang='lat' dir='ltr'>quicquid</span> <span class='ocrx_word' id='word_1_86' title='bbox 1162 1415 1341 1482; x_wconf 88' lang='lat' dir='ltr'>inter</span> <span class='ocrx_word' id='word_1_87' title='bbox 1366 1420 1729 1497; x_wconf 76' lang='lat' dir='ltr'>emptorem</span> <span class='ocrx_word' id='word_1_88' title='bbox 1757 1420 1827 1481; x_wconf 88' lang='lat' dir='ltr'>et</span> <span class='ocrx_word' id='word_1_89' title='bbox 1853 1415 2268 1480; x_wconf 88' lang='lat' dir='ltr'>venditorem</span> <span class='ocrx_word' id='word_1_90' title='bbox 2293 1415 2374 1478; x_wconf 88' lang='lat' dir='ltr'>de</span> <span class='ocrx_word' id='word_1_91' title='bbox 2395 1413 2696 1495; x_wconf 87' lang='lat' dir='ltr'>dampnis</span> 
     </span>
     <span class='ocr_line' id='line_1_14' title="bbox 307 1515 2697 1604; baseline 0.001 -24"><span class='ocrx_word' id='word_1_92' title='bbox 307 1515 752 1584; x_wconf 88' lang='lat' dir='ltr'>hereditatum</span> <span class='ocrx_word' id='word_1_93' title='bbox 799 1525 1150 1604; x_wconf 85' lang='lat' dir='ltr'>exceptum</span> <span class='ocrx_word' id='word_1_94' title='bbox 1200 1525 1267 1587; x_wconf 90' lang='lat' dir='ltr'>et</span> <span class='ocrx_word' id='word_1_95' title='bbox 1313 1525 1606 1586; x_wconf 87' lang='lat' dir='ltr'>tractum</span> <span class='ocrx_word' id='word_1_96' title='bbox 1652 1519 1876 1602; x_wconf 89' lang='lat' dir='ltr'>fuerit,</span> <span class='ocrx_word' id='word_1_97' title='bbox 1932 1519 2159 1601; x_wconf 85' lang='lat' dir='ltr'>stabit,</span> <span class='ocrx_word' id='word_1_98' title='bbox 2204 1522 2277 1584; x_wconf 89' lang='lat' dir='ltr'>et</span> <span class='ocrx_word' id='word_1_99' title='bbox 2338 1519 2697 1584; x_wconf 89' lang='lat' dir='ltr'>secundum</span> 
     </span>
     <span class='ocr_line' id='line_1_15' title="bbox 307 1618 2607 1704; baseline 0.001 -19"><span class='ocrx_word' id='word_1_100' title='bbox 307 1618 422 1686; x_wconf 90' lang='grc'>1100</span> <span class='ocrx_word' id='word_1_101' title='bbox 469 1622 867 1702; x_wconf 78' lang='lat' dir='ltr'>quaestione</span> <span class='ocrx_word' id='word_1_102' title='bbox 914 1626 1191 1690; x_wconf 88' lang='lat' dir='ltr'>suborta</span> <span class='ocrx_word' id='word_1_103' title='bbox 1237 1630 1344 1691; x_wconf 91' lang='lat' dir='ltr'>est</span> <span class='ocrx_word' id='word_1_104' title='bbox 1388 1624 1750 1691; x_wconf 87' lang='lat' dir='ltr'>diffinitiva</span> <span class='ocrx_word' id='word_1_105' title='bbox 1796 1623 2136 1690; x_wconf 81' lang='lat' dir='ltr'>sententia</span> <span class='ocrx_word' id='word_1_106' title='bbox 2193 1622 2607 1704; x_wconf 87' lang='lat' dir='ltr'>proferenda.</span> 
     </span>
    </p>

    <p class='ocr_par' dir='ltr' id='par_1_4' title="bbox 309 1725 2698 1917">
     <span class='ocr_line' id='line_1_16' title="bbox 507 1725 2698 1811; baseline 0 -20"><span class='ocrx_word' id='word_1_107' title='bbox 507 1725 789 1806; x_wconf 87' lang='lat' dir='ltr'>(Cetera</span> <span class='ocrx_word' id='word_1_108' title='bbox 859 1730 940 1793; x_wconf 89' lang='lat' dir='ltr'>de</span> <span class='ocrx_word' id='word_1_109' title='bbox 1007 1729 1257 1794; x_wconf 89' lang='lat' dir='ltr'>talibus</span> <span class='ocrx_word' id='word_1_110' title='bbox 1326 1728 1646 1811; x_wconf 85' lang='lat' dir='ltr'>dampnis,</span> <span class='ocrx_word' id='word_1_111' title='bbox 1714 1746 1960 1810; x_wconf 87' lang='lat' dir='ltr'>quaere</span> <span class='ocrx_word' id='word_1_112' title='bbox 2030 1727 2206 1793; x_wconf 87' lang='lat' dir='ltr'>infra</span> <span class='ocrx_word' id='word_1_113' title='bbox 2282 1727 2402 1792; x_wconf 90' lang='lat' dir='ltr'>sub</span> <span class='ocrx_word' id='word_1_114' title='bbox 2479 1726 2698 1791; x_wconf 89' lang='lat' dir='ltr'>titulis</span> 
     </span>
     <span class='ocr_line' id='line_1_17' title="bbox 309 1828 2392 1917; baseline -0.001 -22"><span class='ocrx_word' id='word_1_115' title='bbox 309 1828 440 1910; x_wconf 92' lang='lat' dir='ltr'>„De</span> <span class='ocrx_word' id='word_1_116' title='bbox 487 1830 855 1897; x_wconf 87' lang='lat' dir='ltr'>aedificiis“</span> <span class='ocrx_word' id='word_1_117' title='bbox 908 1837 975 1897; x_wconf 92' lang='lat' dir='ltr'>et</span> <span class='ocrx_word' id='word_1_118' title='bbox 1022 1851 1228 1917; x_wconf 87' lang='lat' dir='ltr'>supra</span> <span class='ocrx_word' id='word_1_119' title='bbox 1278 1833 1419 1916; x_wconf 92' lang='lat' dir='ltr'>„De</span> <span class='ocrx_word' id='word_1_120' title='bbox 1467 1835 1791 1900; x_wconf 89' lang='lat' dir='ltr'>conducto</span> <span class='ocrx_word' id='word_1_121' title='bbox 1840 1839 1911 1898; x_wconf 89' lang='lat' dir='ltr'>et</span> <span class='ocrx_word' id='word_1_122' title='bbox 1955 1832 2266 1915; x_wconf 86' lang='lat' dir='ltr'>locato“).</span> <span class='ocrx_word' id='word_1_123' title='bbox 2387 1889 2392 1892; x_wconf 84' lang='lat'>.</span> 
     </span>
    </p>
   </div>
   <div class='ocr_carea' id='block_1_4' title="bbox 303 1986 2725 4051">
    <p class='ocr_par' dir='ltr' id='par_1_5' title="bbox 303 1986 2699 2802">
     <span class='ocr_line' id='line_1_18' title="bbox 508 1986 2695 2074; baseline 0.002 -27"><span class='ocrx_word' id='word_1_124' title='bbox 508 1987 656 2054; x_wconf 86' lang='lat'><strong><em>152.</em></strong></span> <span class='ocrx_word' id='word_1_125' title='bbox 702 1986 804 2048; x_wconf 81' lang='lat' dir='ltr'>De</span> <span class='ocrx_word' id='word_1_126' title='bbox 851 1989 1159 2072; x_wconf 77' lang='lat' dir='ltr'>dampnis</span> <span class='ocrx_word' id='word_1_127' title='bbox 1195 1990 1550 2074; x_wconf 77' lang='lat' dir='ltr'>promissis</span> <span class='ocrx_word' id='word_1_128' title='bbox 1596 1990 1667 2050; x_wconf 84' lang='lat' dir='ltr'>in</span> <span class='ocrx_word' id='word_1_129' title='bbox 1712 1990 1943 2073; x_wconf 74' lang='lat' dir='ltr'>specie.</span> <span class='ocrx_word' id='word_1_130' title='bbox 1994 1988 2274 2073; x_wconf 76' lang='lat' dir='ltr'>Quidam</span> <span class='ocrx_word' id='word_1_131' title='bbox 2322 1986 2490 2053; x_wconf 83' lang='lat' dir='ltr'>civis</span> <span class='ocrx_word' id='word_1_132' title='bbox 2523 1987 2695 2052; x_wconf 90' lang='lat' dir='ltr'>Bru-</span> 
     </span>
     <span class='ocr_line' id='line_1_19' title="bbox 307 2089 2696 2177; baseline 0.001 -25"><span class='ocrx_word' id='word_1_133' title='bbox 307 2089 527 2156; x_wconf 88' lang='lat' dir='ltr'>nensis</span> <span class='ocrx_word' id='word_1_134' title='bbox 576 2090 888 2173; x_wconf 88' lang='lat' dir='ltr'>promisit</span> <span class='ocrx_word' id='word_1_135' title='bbox 935 2091 1194 2158; x_wconf 88' lang='lat' dir='ltr'>cuidam</span> <span class='ocrx_word' id='word_1_136' title='bbox 1243 2092 1375 2159; x_wconf 89' lang='lat' dir='ltr'>civi</span> <span class='ocrx_word' id='word_1_137' title='bbox 1421 2094 1770 2177; x_wconf 83' lang='lat' dir='ltr'>Pragensi,</span> <span class='ocrx_word' id='word_1_138' title='bbox 1835 2093 1892 2158; x_wconf 89' lang='lat' dir='ltr'>si</span> <span class='ocrx_word' id='word_1_139' title='bbox 1937 2094 2007 2159; x_wconf 92' lang='lat' dir='ltr'>in</span> <span class='ocrx_word' id='word_1_140' title='bbox 2055 2093 2337 2158; x_wconf 90' lang='lat' dir='ltr'>termino</span> <span class='ocrx_word' id='word_1_141' title='bbox 2400 2091 2696 2174; x_wconf 86' lang='lat' dir='ltr'>praefixo</span> 
     </span>
     <span class='ocr_line' id='line_1_20' title="bbox 305 2193 2696 2280; baseline 0.001 -23"><span class='ocrx_word' id='word_1_142' title='bbox 305 2193 592 2260; x_wconf 86' lang='lat' dir='ltr'>debitum</span> <span class='ocrx_word' id='word_1_143' title='bbox 620 2196 748 2262; x_wconf 85' lang='lat' dir='ltr'>sibi</span> <span class='ocrx_word' id='word_1_144' title='bbox 772 2215 903 2261; x_wconf 90' lang='lat' dir='ltr'>non</span> <span class='ocrx_word' id='word_1_145' title='bbox 928 2197 1243 2279; x_wconf 87' lang='lat' dir='ltr'>solveret,</span> <span class='ocrx_word' id='word_1_146' title='bbox 1262 2215 1449 2262; x_wconf 91' lang='lat' dir='ltr'>omne</span> <span class='ocrx_word' id='word_1_147' title='bbox 1467 2199 1838 2280; x_wconf 89' lang='lat' dir='ltr'>dampnum,</span> <span class='ocrx_word' id='word_1_148' title='bbox 1857 2199 2029 2278; x_wconf 90' lang='lat' dir='ltr'>quod</span> <span class='ocrx_word' id='word_1_149' title='bbox 2049 2215 2132 2263; x_wconf 87' lang='lat' dir='ltr'>ex</span> <span class='ocrx_word' id='word_1_150' title='bbox 2155 2197 2278 2262; x_wconf 90' lang='lat' dir='ltr'>hoc</span> <span class='ocrx_word' id='word_1_151' title='bbox 2297 2195 2696 2278; x_wconf 88' lang='lat' dir='ltr'>perciperet,</span> 
     </span>
     <span class='ocr_line' id='line_1_21' title="bbox 305 2295 2696 2383; baseline 0 -21"><span class='ocrx_word' id='word_1_152' title='bbox 305 2295 423 2362; x_wconf 90' lang='lat' dir='ltr'>sibi</span> <span class='ocrx_word' id='word_1_153' title='bbox 439 2299 805 2366; x_wconf 89' lang='lat' dir='ltr'>refundere</span> <span class='ocrx_word' id='word_1_154' title='bbox 823 2300 1047 2367; x_wconf 86' lang='lat' dir='ltr'>vellet.</span> <span class='ocrx_word' id='word_1_155' title='bbox 1066 2301 1437 2367; x_wconf 86' lang='lat' dir='ltr'>Transacto</span> <span class='ocrx_word' id='word_1_156' title='bbox 1464 2303 1691 2382; x_wconf 89' lang='lat' dir='ltr'>itaque</span> <span class='ocrx_word' id='word_1_157' title='bbox 1717 2303 1999 2368; x_wconf 89' lang='lat' dir='ltr'>termino</span> <span class='ocrx_word' id='word_1_158' title='bbox 2014 2301 2345 2366; x_wconf 91' lang='lat' dir='ltr'>solutione</span> <span class='ocrx_word' id='word_1_159' title='bbox 2366 2301 2696 2383; x_wconf 83' lang='lat' dir='ltr'>neglecta,</span> 
     </span>
     <span class='ocr_line' id='line_1_22' title="bbox 303 2399 2696 2486; baseline 0.001 -19"><span class='ocrx_word' id='word_1_160' title='bbox 303 2399 664 2486; x_wconf 83' lang='lat' dir='ltr'>Pragensis</span> <span class='ocrx_word' id='word_1_161' title='bbox 709 2403 1023 2470; x_wconf 87' lang='lat' dir='ltr'>famulum</span> <span class='ocrx_word' id='word_1_162' title='bbox 1070 2423 1262 2470; x_wconf 89' lang='lat' dir='ltr'>suum</span> <span class='ocrx_word' id='word_1_163' title='bbox 1307 2406 1648 2472; x_wconf 90' lang='lat' dir='ltr'>Brunnam</span> <span class='ocrx_word' id='word_1_164' title='bbox 1695 2405 1892 2482; x_wconf 85' lang='lat' dir='ltr'>misit,</span> <span class='ocrx_word' id='word_1_165' title='bbox 1955 2405 2068 2486; x_wconf 90' lang='lat' dir='ltr'>qui</span> <span class='ocrx_word' id='word_1_166' title='bbox 2130 2423 2275 2471; x_wconf 89' lang='lat' dir='ltr'>cum</span> <span class='ocrx_word' id='word_1_167' title='bbox 2339 2405 2407 2470; x_wconf 94' lang='lat' dir='ltr'>in</span> <span class='ocrx_word' id='word_1_168' title='bbox 2463 2405 2696 2469; x_wconf 89' lang='lat' dir='ltr'>eadem</span> 
     </span>
     <span class='ocr_line' id='line_1_23' title="bbox 307 2506 2699 2594; baseline 0.001 -23"><span class='ocrx_word' id='word_1_169' title='bbox 307 2506 408 2572; x_wconf 89' lang='lat' dir='ltr'>via</span> <span class='ocrx_word' id='word_1_170' title='bbox 452 2510 535 2573; x_wconf 92' lang='lat' dir='ltr'>de</span> <span class='ocrx_word' id='word_1_171' title='bbox 586 2527 788 2574; x_wconf 84' lang='lat' dir='ltr'>curru</span> <span class='ocrx_word' id='word_1_172' title='bbox 821 2513 1075 2576; x_wconf 87' lang='lat' dir='ltr'>cadens</span> <span class='ocrx_word' id='word_1_173' title='bbox 1102 2512 1335 2592; x_wconf 90' lang='lat' dir='ltr'>pedem</span> <span class='ocrx_word' id='word_1_174' title='bbox 1367 2511 1705 2594; x_wconf 79' lang='lat' dir='ltr'>fregisset,</span> <span class='ocrx_word' id='word_1_175' title='bbox 1738 2511 2112 2591; x_wconf 90' lang='lat' dir='ltr'>quaesitum</span> <span class='ocrx_word' id='word_1_176' title='bbox 2145 2516 2252 2575; x_wconf 89' lang='lat' dir='ltr'>est</span> <span class='ocrx_word' id='word_1_177' title='bbox 2282 2527 2322 2573; x_wconf 92' lang='lat' dir='ltr'>a</span> <span class='ocrx_word' id='word_1_178' title='bbox 2355 2508 2699 2591; x_wconf 85' lang='lat' dir='ltr'>Pragensi,</span> 
     </span>
     <span class='ocr_line' id='line_1_24' title="bbox 307 2611 2694 2696; baseline 0 -21"><span class='ocrx_word' id='word_1_179' title='bbox 307 2615 515 2676; x_wconf 87' lang='lat' dir='ltr'>utrum</span> <span class='ocrx_word' id='word_1_180' title='bbox 550 2613 692 2678; x_wconf 85' lang='lat' dir='ltr'>tale</span> <span class='ocrx_word' id='word_1_181' title='bbox 724 2615 1097 2696; x_wconf 88' lang='lat' dir='ltr'>dampnum,</span> <span class='ocrx_word' id='word_1_182' title='bbox 1145 2617 1317 2694; x_wconf 89' lang='lat' dir='ltr'>quod</span> <span class='ocrx_word' id='word_1_183' title='bbox 1362 2614 1609 2681; x_wconf 88' lang='lat' dir='ltr'>famulo</span> <span class='ocrx_word' id='word_1_184' title='bbox 1657 2633 1777 2680; x_wconf 92' lang='lat' dir='ltr'>suo</span> <span class='ocrx_word' id='word_1_185' title='bbox 1822 2616 1890 2681; x_wconf 94' lang='lat' dir='ltr'>in</span> <span class='ocrx_word' id='word_1_186' title='bbox 1939 2614 2128 2696; x_wconf 88' lang='lat' dir='ltr'>pedis</span> <span class='ocrx_word' id='word_1_187' title='bbox 2160 2613 2489 2679; x_wconf 88' lang='lat' dir='ltr'>fractione</span> <span class='ocrx_word' id='word_1_188' title='bbox 2521 2611 2694 2678; x_wconf 87' lang='lat' dir='ltr'>acci-</span> 
     </span>
     <span class='ocr_line' id='line_1_25' title="bbox 310 2714 2697 2802; baseline 0.002 -24"><span class='ocrx_word' id='word_1_189' title='bbox 310 2714 493 2799; x_wconf 87' lang='lat' dir='ltr'>derit,</span> <span class='ocrx_word' id='word_1_190' title='bbox 517 2734 653 2782; x_wconf 92' lang='lat' dir='ltr'>non</span> <span class='ocrx_word' id='word_1_191' title='bbox 676 2722 992 2782; x_wconf 86' lang='lat' dir='ltr'>teneatur</span> <span class='ocrx_word' id='word_1_192' title='bbox 1018 2717 1149 2783; x_wconf 92' lang='lat' dir='ltr'>sibi</span> <span class='ocrx_word' id='word_1_193' title='bbox 1172 2718 1554 2784; x_wconf 87' lang='lat' dir='ltr'>Brunnensi</span> <span class='ocrx_word' id='word_1_194' title='bbox 1580 2721 1939 2784; x_wconf 87' lang='lat' dir='ltr'>secundum</span> <span class='ocrx_word' id='word_1_195' title='bbox 1960 2719 2294 2802; x_wconf 87' lang='lat' dir='ltr'>justitiam</span> <span class='ocrx_word' id='word_1_196' title='bbox 2320 2718 2646 2782; x_wconf 84' lang='lat' dir='ltr'>resartire</span> <span class='ocrx_word' id='word_1_197' title='bbox 2665 2716 2697 2782; x_wconf 70' lang='grc' dir='ltr'>Ρ</span> 
     </span>
    </p>

    <p class='ocr_par' dir='ltr' id='par_1_6' title="bbox 305 2821 2725 3722">
     <span class='ocr_line' id='line_1_26' title="bbox 503 2821 2696 2908; baseline -0.001 -21"><span class='ocrx_word' id='word_1_198' title='bbox 503 2821 790 2903; x_wconf 85' lang='lat' dir='ltr'>Super</span> <span class='ocrx_word' id='word_1_199' title='bbox 836 2839 989 2902; x_wconf 91' lang='lat' dir='ltr'>quo</span> <span class='ocrx_word' id='word_1_200' title='bbox 1040 2821 1537 2889; x_wconf 69' lang='lat' dir='ltr'>diffinitum</span> <span class='ocrx_word' id='word_1_201' title='bbox 1585 2822 1794 2889; x_wconf 83' lang='lat' dir='ltr'>fuit:</span> <span class='ocrx_word' id='word_1_202' title='bbox 1858 2824 2048 2908; x_wconf 80' lang='lat' dir='ltr'>Quod</span> <span class='ocrx_word' id='word_1_203' title='bbox 2097 2826 2464 2903; x_wconf 82' lang='lat' dir='ltr'>dampnum,</span> <span class='ocrx_word' id='word_1_204' title='bbox 2520 2822 2696 2900; x_wconf 89' lang='lat' dir='ltr'>quod</span> 
     </span>
     <span class='ocr_line' id='line_1_27' title="bbox 307 2923 2698 3008; baseline 0.001 -21"><span class='ocrx_word' id='word_1_205' title='bbox 307 2923 556 2990; x_wconf 89' lang='lat' dir='ltr'>debitor</span> <span class='ocrx_word' id='word_1_206' title='bbox 585 2925 921 3006; x_wconf 88' lang='lat' dir='ltr'>promittit</span> <span class='ocrx_word' id='word_1_207' title='bbox 946 2925 1263 2992; x_wconf 87' lang='lat' dir='ltr'>creditori</span> <span class='ocrx_word' id='word_1_208' title='bbox 1289 2927 1552 2993; x_wconf 89' lang='lat' dir='ltr'>ratione</span> <span class='ocrx_word' id='word_1_209' title='bbox 1571 2927 1922 2992; x_wconf 88' lang='lat' dir='ltr'>solutionis</span> <span class='ocrx_word' id='word_1_210' title='bbox 1948 2926 2175 3008; x_wconf 84' lang='lat' dir='ltr'>debiti,</span> <span class='ocrx_word' id='word_1_211' title='bbox 2191 2925 2698 3008; x_wconf 84' lang='lat' dir='ltr'>intelligendum</span> 
     </span>
     <span class='ocr_line' id='line_1_28' title="bbox 305 3020 2725 3114; baseline 0.001 -23"><span class='ocrx_word' id='word_1_212' title='bbox 305 3033 401 3092; x_wconf 87' lang='lat' dir='ltr'>est</span> <span class='ocrx_word' id='word_1_213' title='bbox 445 3029 914 3111; x_wconf 87' lang='lat' dir='ltr'>principaliter</span> <span class='ocrx_word' id='word_1_214' title='bbox 962 3033 1042 3096; x_wconf 89' lang='lat' dir='ltr'>de</span> <span class='ocrx_word' id='word_1_215' title='bbox 1114 3034 1394 3113; x_wconf 89' lang='lat' dir='ltr'>dampno</span> <span class='ocrx_word' id='word_1_216' title='bbox 1458 3033 1812 3114; x_wconf 89' lang='lat' dir='ltr'>pecuniali,</span> <span class='ocrx_word' id='word_1_217' title='bbox 1859 3041 1931 3097; x_wconf 88' lang='lat' dir='ltr'>et</span> <span class='ocrx_word' id='word_1_218' title='bbox 1976 3050 2107 3096; x_wconf 94' lang='grc'>11011</span> <span class='ocrx_word' id='word_1_219' title='bbox 2139 3033 2223 3096; x_wconf 88' lang='grc'>(10</span> <span class='ocrx_word' id='word_1_220' title='bbox 2256 3032 2539 3110; x_wconf 90' lang='lat' dir='ltr'>dampno</span> <span class='ocrx_word' id='word_1_221' title='bbox 2575 3020 2725 3094; x_wconf 42' lang='lat' dir='ltr'>seu*</span> 
     </span>
     <span class='ocr_line' id='line_1_29' title="bbox 307 3131 2700 3217; baseline -0.001 -19"><span class='ocrx_word' id='word_1_222' title='bbox 307 3134 591 3214; x_wconf 90' lang='lat' dir='ltr'>periculo</span> <span class='ocrx_word' id='word_1_223' title='bbox 639 3135 747 3202; x_wconf 92' lang='lat' dir='ltr'>vel</span> <span class='ocrx_word' id='word_1_224' title='bbox 795 3135 1159 3202; x_wconf 88' lang='lat' dir='ltr'>infortunio</span> <span class='ocrx_word' id='word_1_225' title='bbox 1208 3138 1505 3217; x_wconf 88' lang='lat' dir='ltr'>corporis</span> <span class='ocrx_word' id='word_1_226' title='bbox 1571 3144 1637 3201; x_wconf 92' lang='lat' dir='ltr'>et</span> <span class='ocrx_word' id='word_1_227' title='bbox 1702 3153 2066 3217; x_wconf 78' lang='lat' dir='ltr'>personae3</span> <span class='ocrx_word' id='word_1_228' title='bbox 2121 3136 2296 3201; x_wconf 90' lang='lat' dir='ltr'>unde</span> <span class='ocrx_word' id='word_1_229' title='bbox 2358 3134 2445 3197; x_wconf 89' lang='lat' dir='ltr'>ad</span> <span class='ocrx_word' id='word_1_230' title='bbox 2501 3131 2700 3197; x_wconf 90' lang='lat' dir='ltr'>satis-</span> 
     </span>
     <span class='ocr_line' id='line_1_30' title="bbox 308 3235 2699 3322; baseline -0 -21"><span class='ocrx_word' id='word_1_231' title='bbox 308 3235 659 3305; x_wconf 87' lang='lat' dir='ltr'>factionem</span> <span class='ocrx_word' id='word_1_232' title='bbox 706 3241 996 3322; x_wconf 84' lang='lat' dir='ltr'>dampni,</span> <span class='ocrx_word' id='word_1_233' title='bbox 1043 3244 1215 3321; x_wconf 89' lang='lat' dir='ltr'>quod</span> <span class='ocrx_word' id='word_1_234' title='bbox 1262 3241 1507 3307; x_wconf 82' lang='lat' dir='ltr'>famulo</span> <span class='ocrx_word' id='word_1_235' title='bbox 1576 3240 1743 3307; x_wconf 88' lang='lat' dir='ltr'>civis</span> <span class='ocrx_word' id='word_1_236' title='bbox 1807 3239 2170 3322; x_wconf 86' lang='lat' dir='ltr'>Pragensis</span> <span class='ocrx_word' id='word_1_237' title='bbox 2234 3239 2300 3303; x_wconf 91' lang='lat' dir='ltr'>in</span> <span class='ocrx_word' id='word_1_238' title='bbox 2365 3236 2699 3302; x_wconf 87' lang='lat' dir='ltr'>fractione</span> 
     </span>
     <span class='ocr_line' id='line_1_31' title="bbox 311 3341 2702 3428; baseline -0.001 -21"><span class='ocrx_word' id='word_1_239' title='bbox 311 3343 484 3422; x_wconf 90' lang='lat' dir='ltr'>pedis</span> <span class='ocrx_word' id='word_1_240' title='bbox 532 3362 696 3410; x_wconf 85' lang='lat' dir='ltr'>casu</span> <span class='ocrx_word' id='word_1_241' title='bbox 743 3346 1090 3428; x_wconf 87' lang='lat' dir='ltr'>contingit,</span> <span class='ocrx_word' id='word_1_242' title='bbox 1138 3346 1553 3411; x_wconf 88' lang='lat' dir='ltr'>Brunnensis</span> <span class='ocrx_word' id='word_1_243' title='bbox 1601 3364 1731 3410; x_wconf 91' lang='lat' dir='ltr'>non</span> <span class='ocrx_word' id='word_1_244' title='bbox 1779 3345 2131 3427; x_wconf 86' lang='lat' dir='ltr'>obligatur.</span> <span class='ocrx_word' id='word_1_245' title='bbox 2180 3343 2368 3409; x_wconf 86' lang='lat' dir='ltr'>Sicut</span> <span class='ocrx_word' id='word_1_246' title='bbox 2416 3341 2587 3407; x_wconf 92' lang='lat' dir='ltr'>enim</span> <span class='ocrx_word' id='word_1_247' title='bbox 2631 3341 2702 3405; x_wconf 92' lang='lat' dir='ltr'>in</span> 
     </span>
     <span class='ocr_line' id='line_1_32' title="bbox 311 3447 2699 3532; baseline -0 -23"><span class='ocrx_word' id='word_1_248' title='bbox 311 3449 730 3514; x_wconf 88' lang='lat' dir='ltr'>concessione</span> <span class='ocrx_word' id='word_1_249' title='bbox 779 3449 1080 3532; x_wconf 88' lang='lat' dir='ltr'>generali</span> <span class='ocrx_word' id='word_1_250' title='bbox 1125 3468 1255 3515; x_wconf 91' lang='lat' dir='ltr'>non</span> <span class='ocrx_word' id='word_1_251' title='bbox 1303 3449 1600 3530; x_wconf 86' lang='lat' dir='ltr'>veniunt,</span> <span class='ocrx_word' id='word_1_252' title='bbox 1649 3467 1819 3528; x_wconf 89' lang='lat' dir='ltr'>quae</span> <span class='ocrx_word' id='word_1_253' title='bbox 1867 3448 2107 3527; x_wconf 87' lang='lat' dir='ltr'>aliquis</span> <span class='ocrx_word' id='word_1_254' title='bbox 2173 3447 2240 3511; x_wconf 90' lang='lat' dir='ltr'>in</span> <span class='ocrx_word' id='word_1_255' title='bbox 2287 3448 2511 3527; x_wconf 86' lang='lat' dir='ltr'>specie</span> <span class='ocrx_word' id='word_1_256' title='bbox 2558 3463 2699 3512; x_wconf 95' lang='lat' dir='ltr'>non</span> 
     </span>
     <span class='ocr_line' id='line_1_33' title="bbox 310 3548 2701 3635; baseline -0 -23"><span class='ocrx_word' id='word_1_257' title='bbox 310 3557 477 3616; x_wconf 88' lang='lat' dir='ltr'>esset</span> <span class='ocrx_word' id='word_1_258' title='bbox 494 3551 957 3618; x_wconf 87' lang='lat' dir='ltr'>verisimiliter</span> <span class='ocrx_word' id='word_1_259' title='bbox 976 3571 1442 3619; x_wconf 86' lang='lat' dir='ltr'>concessurus:</span> <span class='ocrx_word' id='word_1_260' title='bbox 1470 3553 1565 3617; x_wconf 88' lang='lat' dir='ltr'>sic</span> <span class='ocrx_word' id='word_1_261' title='bbox 1583 3552 2090 3635; x_wconf 89' lang='lat' dir='ltr'>intelligendum</span> <span class='ocrx_word' id='word_1_262' title='bbox 2118 3557 2226 3617; x_wconf 91' lang='lat' dir='ltr'>est</span> <span class='ocrx_word' id='word_1_263' title='bbox 2250 3553 2333 3616; x_wconf 90' lang='lat' dir='ltr'>de</span> <span class='ocrx_word' id='word_1_264' title='bbox 2359 3548 2701 3630; x_wconf 87' lang='lat' dir='ltr'>promissis</span> 
     </span>
     <span class='ocr_line' id='line_1_34' title="bbox 311 3658 675 3722; baseline 0.016 -6"><span class='ocrx_word' id='word_1_265' title='bbox 311 3671 419 3720; x_wconf 91' lang='lat' dir='ltr'>suo</span> <span class='ocrx_word' id='word_1_266' title='bbox 464 3658 675 3722; x_wconf 89' lang='lat' dir='ltr'>modo.</span> 
     </span>
    </p>

    <p class='ocr_par' dir='ltr' id='par_1_7' title="bbox 309 3757 2706 4051">
     <span class='ocr_line' id='line_1_35' title="bbox 497 3757 2696 3843; baseline -0.001 -19"><span class='ocrx_word' id='word_1_267' title='bbox 497 3759 609 3824; x_wconf 86' lang='lat' dir='ltr'>Ex</span> <span class='ocrx_word' id='word_1_268' title='bbox 641 3760 763 3825; x_wconf 90' lang='lat' dir='ltr'>hoc</span> <span class='ocrx_word' id='word_1_269' title='bbox 797 3764 1004 3843; x_wconf 90' lang='lat' dir='ltr'>patet,</span> <span class='ocrx_word' id='word_1_270' title='bbox 1040 3779 1185 3826; x_wconf 89' lang='lat' dir='ltr'>cum</span> <span class='ocrx_word' id='word_1_271' title='bbox 1218 3761 1465 3825; x_wconf 87' lang='lat' dir='ltr'>dicitur</span> <span class='ocrx_word' id='word_1_272' title='bbox 1502 3780 1730 3842; x_wconf 87' lang='lat' dir='ltr'>„omne</span> <span class='ocrx_word' id='word_1_273' title='bbox 1766 3763 2180 3841; x_wconf 86' lang='lat' dir='ltr'>dampnum“,</span> <span class='ocrx_word' id='word_1_274' title='bbox 2224 3759 2390 3824; x_wconf 89' lang='lat' dir='ltr'>illud</span> <span class='ocrx_word' id='word_1_275' title='bbox 2429 3757 2696 3839; x_wconf 90' lang='lat' dir='ltr'>„omne“</span> 
     </span>
     <span class='ocr_line' id='line_1_36' title="bbox 309 3862 2706 3947; baseline 0 -23"><span class='ocrx_word' id='word_1_276' title='bbox 309 3864 555 3928; x_wconf 84' lang='lat' dir='ltr'>tanturn</span> <span class='ocrx_word' id='word_1_277' title='bbox 584 3866 671 3928; x_wconf 92' lang='lat' dir='ltr'>ad</span> <span class='ocrx_word' id='word_1_278' title='bbox 697 3866 1050 3946; x_wconf 87' lang='lat' dir='ltr'>dampnum</span> <span class='ocrx_word' id='word_1_279' title='bbox 1105 3866 1428 3945; x_wconf 87' lang='lat' dir='ltr'>pecuniae</span> <span class='ocrx_word' id='word_1_280' title='bbox 1450 3871 1896 3947; x_wconf 85' lang='lat' dir='ltr'>retorquetur,</span> <span class='ocrx_word' id='word_1_281' title='bbox 1929 3865 2061 3931; x_wconf 90' lang='lat' dir='ltr'>nisi</span> <span class='ocrx_word' id='word_1_282' title='bbox 2086 3863 2399 3929; x_wconf 84' lang='lat' dir='ltr'>fortassis</span> <span class='ocrx_word' id='word_1_283' title='bbox 2435 3862 2706 3928; x_wconf 90' lang='lat' dir='ltr'>debitor</span> 
     </span>
     <span class='ocr_line' id='line_1_37' title="bbox 313 3964 2385 4051; baseline 0.001 -24"><span class='ocrx_word' id='word_1_284' title='bbox 313 3964 477 4031; x_wconf 89' lang='lat' dir='ltr'>ultra</span> <span class='ocrx_word' id='word_1_285' title='bbox 524 3969 649 4034; x_wconf 89' lang='lat' dir='ltr'>hoc</span> <span class='ocrx_word' id='word_1_286' title='bbox 694 3969 781 4032; x_wconf 89' lang='lat' dir='ltr'>ad</span> <span class='ocrx_word' id='word_1_287' title='bbox 827 3968 1051 4049; x_wconf 88' lang='lat' dir='ltr'>aliqua</span> <span class='ocrx_word' id='word_1_288' title='bbox 1099 3969 1421 4051; x_wconf 88' lang='lat' dir='ltr'>specialia</span> <span class='ocrx_word' id='word_1_289' title='bbox 1469 3987 1541 4034; x_wconf 93' lang='lat' dir='ltr'>se</span> <span class='ocrx_word' id='word_1_290' title='bbox 1588 3968 1977 4034; x_wconf 87' lang='lat' dir='ltr'>nominatim</span> <span class='ocrx_word' id='word_1_291' title='bbox 2035 3967 2385 4050; x_wconf 84' lang='lat' dir='ltr'>obligaret.</span> 
     </span>
    </p>
   </div>
   <div class='ocr_carea' id='block_1_5' title="bbox 312 4127 2706 4426">
    <p class='ocr_par' dir='ltr' id='par_1_8' title="bbox 312 4127 2706 4426">
     <span class='ocr_line' id='line_1_38' title="bbox 506 4127 2705 4219; baseline -0 -25"><span class='ocrx_word' id='word_1_292' title='bbox 506 4133 653 4199; x_wconf 86' lang='lat'><strong><em>153.</em></strong></span> <span class='ocrx_word' id='word_1_293' title='bbox 713 4133 815 4195; x_wconf 87' lang='lat' dir='ltr'>De</span> <span class='ocrx_word' id='word_1_294' title='bbox 878 4134 1184 4218; x_wconf 77' lang='lat' dir='ltr'>dampnis</span> <span class='ocrx_word' id='word_1_295' title='bbox 1242 4156 1365 4197; x_wconf 78' lang='lat' dir='ltr'>non</span> <span class='ocrx_word' id='word_1_296' title='bbox 1418 4136 1772 4219; x_wconf 71' lang='lat' dir='ltr'>promissio</span> <span class='ocrx_word' id='word_1_297' title='bbox 1834 4144 1894 4198; x_wconf 79' lang='lat' dir='ltr'>et</span> <span class='ocrx_word' id='word_1_298' title='bbox 1953 4142 2166 4197; x_wconf 81' lang='lat' dir='ltr'>tamen</span> <span class='ocrx_word' id='word_1_299' title='bbox 2224 4129 2567 4196; x_wconf 76' lang='lat' dir='ltr'>solvendis,</span> <span class='ocrx_word' id='word_1_300' title='bbox 2632 4127 2705 4193; x_wconf 86' lang='lat' dir='ltr'>Si</span> 
     </span>
     <span class='ocr_line' id='line_1_39' title="bbox 312 4234 2703 4320; baseline -0.001 -21"><span class='ocrx_word' id='word_1_301' title='bbox 312 4235 559 4303; x_wconf 87' lang='lat' dir='ltr'>debitor</span> <span class='ocrx_word' id='word_1_302' title='bbox 604 4236 994 4320; x_wconf 88' lang='lat' dir='ltr'>principalis</span> <span class='ocrx_word' id='word_1_303' title='bbox 1048 4238 1326 4304; x_wconf 83' lang='lat' dir='ltr'>termino</span> <span class='ocrx_word' id='word_1_304' title='bbox 1398 4244 1656 4306; x_wconf 90' lang='lat' dir='ltr'>statuto</span> <span class='ocrx_word' id='word_1_305' title='bbox 1718 4238 2189 4320; x_wconf 87' lang='lat' dir='ltr'>fidejussorem,</span> <span class='ocrx_word' id='word_1_306' title='bbox 2253 4236 2366 4316; x_wconf 91' lang='lat' dir='ltr'>qui</span> <span class='ocrx_word' id='word_1_307' title='bbox 2428 4254 2512 4301; x_wconf 89' lang='lat' dir='ltr'>ex</span> <span class='ocrx_word' id='word_1_308' title='bbox 2573 4234 2703 4298; x_wconf 88' lang='lat' dir='ltr'>fide</span> 
     </span>
     <span class='ocr_line' id='line_1_40' title="bbox 314 4339 2706 4426; baseline -0.002 -22"><span class='ocrx_word' id='word_1_309' title='bbox 314 4357 419 4418; x_wconf 89' lang='lat' dir='ltr'>pro</span> <span class='ocrx_word' id='word_1_310' title='bbox 486 4360 564 4408; x_wconf 89' lang='lat' dir='ltr'>eo</span> <span class='ocrx_word' id='word_1_311' title='bbox 610 4343 987 4424; x_wconf 89' lang='lat' dir='ltr'>spopondit,</span> <span class='ocrx_word' id='word_1_312' title='bbox 1048 4363 1087 4408; x_wconf 90' lang='lat' dir='ltr'>a</span> <span class='ocrx_word' id='word_1_313' title='bbox 1144 4344 1569 4426; x_wconf 86' lang='lat' dir='ltr'>fidejussione</span> <span class='ocrx_word' id='word_1_314' title='bbox 1632 4363 1763 4410; x_wconf 92' lang='lat' dir='ltr'>non</span> <span class='ocrx_word' id='word_1_315' title='bbox 1828 4344 2163 4410; x_wconf 90' lang='lat' dir='ltr'>redimens</span> <span class='ocrx_word' id='word_1_316' title='bbox 2236 4339 2564 4421; x_wconf 81' lang='lat' dir='ltr'>effugerit,</span> <span class='ocrx_word' id='word_1_317' title='bbox 2634 4346 2706 4402; x_wconf 85' lang='lat' dir='ltr'>et</span> 
     </span>
    </p>
   </div>
  </div>
 </body>
</html>
