3275 5009
1354 352 1689 420 Brunensesss
2575 393 2582 401 ·
2614 369 2716 421 221

327 571 810 654 appensionem,
843 548 1188 638 dummodo
1236 572 1664 656 privilegium
1713 573 1929 639 omnia
1972 573 2315 640 contineat
2360 575 2600 660 sigilla,
2631 579 2718 644 de

328 673 553 753 quibus
621 676 934 759 loquitur,
1000 675 1235 762 facta),
1318 677 1669 762 privilegio
1746 681 1815 743 et
1892 678 2037 761 ejus
2112 678 2507 759 probatione
2581 699 2721 747 non

330 778 741 862 praejudicat
786 779 1018 862 ipsum,
1079 799 1204 847 nec
1265 780 1533 862 vitians,
1594 799 1720 847 nec
1780 781 2047 862 aliquod
2106 782 2237 850 Sibi
2298 783 2715 850 obstaculum

330 881 778 964 interponens

528 1006 676 1073 587.
722 1005 801 1066 In
849 1005 1228 1090 priviley'z’t's
1291 1015 1481 1070 testes
1543 1004 1769 1069 debent
1826 1028 1959 1070 esse
2020 1011 2255 1092 rogati.
2334 1010 2573 1076 Testes
2642 1010 2718 1077 in

324 1109 784 1176 instrumentis
829 1109 1139 1192 inscripti
1200 1113 1283 1179 de
1322 1113 1473 1195 jure
1522 1112 1771 1179 debent
1818 1130 1969 1179 esse
2013 1114 2253 1196 rogati.
2327 1115 2519 1182 Unde
2567 1133 2715 1180 cum

325 1219 757 1298 non-rogatus
805 1217 1116 1281 scabinus
1150 1216 1434 1299 sigillum
1467 1235 1654 1282 suum
1686 1202 2040 1300 privilegio
2074 1217 2274 1284 alicui
2305 1219 2718 1309 apposuerit,

324 1319 552 1384 merito
601 1319 865 1384 debitor
927 1323 1010 1387 ab
1060 1321 1323 1387 actione
1372 1320 1755 1387 exhibentis
1828 1321 2250 1406 privilegium
2310 1322 2449 1389 tale
2508 1325 2720 1391 debet

321 1439 462 1488 esse
509 1424 856 1490 absolutus
915 1428 986 1490 et
1031 1427 1117 1490 ad
1163 1425 1559 1492 solutionem
1608 1426 1820 1492 debiti
1880 1426 1949 1491 in
1996 1427 2348 1510 privilegio
2409 1428 2711 1495 contenti

320 1527 698 1593 nullatenus
750 1528 1102 1612 obligatur.

518 1650 669 1717 588.
712 1649 813 1712 De
852 1649 1199 1733 privileyiz·
1239 1672 1499 1716 rasura.
1543 1651 1809 1717 Rasura
1854 1651 1923 1717 in
1969 1652 2337 1736 privilegio,
2384 1653 2442 1718 si
2488 1658 2594 1718 est
2637 1653 2708 1719 in

316 1751 453 1818 loco
499 1771 633 1819 non
679 1757 1016 1837 suspecto,
1058 1772 1191 1819 non
1238 1756 1693 1840 praejudicat3
1757 1757 1817 1824 si
1861 1774 2022 1824 vero
2069 1757 2137 1822 in
2185 1757 2327 1824 loco
2374 1761 2707 1840 suspecto,

318 1855 487 1922 sicut
511 1856 693 1923 circa
724 1859 973 1941 datum,
1007 1858 1187 1924 circa
1218 1859 1488 1941 propria
1523 1861 1805 1944 nomina,
1829 1860 2010 1927 circa
2042 1879 2356 1927 summam
2383 1862 2711 1942 pecuniae

316 1961 419 2025 vel
451 1961 635 2028 circa
667 1963 890 2043 aliqua
922 1963 1104 2045 talia,
1136 1964 1206 2029 in
1237 1963 1478 2043 quibus
1510 1964 2001 2047 principialiter
2034 1967 2367 2047 dependet
2391 1965 2672 2032 materia
2690 1991 2712 2030 ε.

314 2070 463 2132 tunc
533 2068 955 2151 praejudicat
1021 2068 1091 2133 in
1159 2068 1343 2152 lociS,
1411 2068 1544 2135 nisi
1612 2069 1860 2135 talibus
1926 2068 2191 2136 facilius
2239 2071 2714 2137 consideratur

313 2168 573 2238 falsitas
618 2172 1062 2238 instrumenti.

662 2363 1153 2446 Capitulum
1196 2363 1399 2430 LIII:
1445 2363 1564 2429 De
1612 2344 2359 2446 procuratoribus.

506 2505 656 2569 589.
698 2504 800 2565 De
838 2503 1386 2587 ‘procuratoribus
1433 2503 1504 2566 in
1545 2525 1791 2587 genere.
1868 2503 2165 2588 Quilibet
2222 2505 2413 2570 homo
2476 2509 2710 2587 potest-

307 2625 502 2688 agere
551 2613 671 2673 aut
717 2626 833 2674 suo
880 2607 1162 2690 nomine,
1193 2612 1309 2673 aut
1355 2606 1593 2688 aliene,
1624 2607 1801 2675 sicut
1846 2608 2326 2691 procuratorio,
2356 2608 2700 2677 tutoriove

308 2712 407 2776 vel
454 2713 812 2778 curatoriO.
853 2712 1047 2778 Unde
1094 2711 1476 2796 captivitaS,
1536 2716 1821 2797 morbuS,
1881 2718 2092 2793 aetaS,
2154 2715 2539 2780 necessaria
2586 2732 2697 2797 pe·

310 2816 673 2899 regrinatio
743 2820 814 2882 et
877 2817 1129 2883 multae
1201 2816 1376 2911 aliae
1441 2817 1661 2902 justae
1732 2836 1976 2884 causae
2042 2835 2247 2899 saepe
2321 2817 2702 2885 hominibus

307 2919 775 3002 impedimenta
820 2925 995 3003 sunt,
1027 2922 1202 3001 quod
1248 2941 1369 3004 per
1414 2941 1487 2988 se
1532 2923 1716 3004 ipsos
1764 2940 2032 2988 causam
2072 2939 2257 2988 suam
2292 2922 2530 3002 exequi
2562 2940 2695 2988 non

304 3029 597 3105 possunt.
663 3024 747 3090 It.
794 3025 1200 3092 Procurator
1260 3045 1390 3093 non
1444 3026 1657 3093 solum
1702 3030 2061 3108 praesente
2107 3027 2515 3110 adversario,
2561 3027 2693 3092 imo

304 3128 496 3194 etiam
545 3146 624 3194 eo
670 3127 1025 3210 ignorante
1071 3130 1536 3213 constituitur3
1582 3133 1759 3198 unde
1790 3147 2260 3211 quemcumque
2307 3131 2692 3211 permiseris

302 3251 430 3297 rem
473 3237 663 3298 tuam
696 3251 899 3316 agere
931 3238 1049 3300 aut
1079 3234 1455 3318 defendere,
1484 3233 1601 3302 ille
1631 3239 2029 3318 procurator
2058 3238 2217 3300 tuus
2249 3233 2698 3319 intelligitur;

302 3341 518 3402 tamen
583 3336 642 3402 si
710 3354 866 3418 pars
927 3338 1273 3420 corporale
1332 3338 1787 3423 Juramentum
1849 3356 1971 3421 per
2028 3356 2101 3405 se
2160 3337 2396 3404 facere
2446 3340 2696 3406 debeat

301 3446 612 3518 quantum
657 3442 744 3506 ad
788 3442 930 3523 hoc,
977 3447 1480 3523 procuratorem
1525 3441 1861 3508 sustinere
1909 3459 2041 3507 non
2087 3445 2331 3522 potest.

497 3571 644 3636 590.
713 3569 814 3634 De
873 3581 1380 3654 procuratorum
1433 3582 1781 3656 potestate.
1857 3571 1926 3638 Si
1997 3570 2415 3653 procuratori
2482 3589 2693 3636 causa

301 3676 640 3741 commissa
683 3675 908 3760 fuerit,
954 3678 1128 3755 quod
1172 3676 1383 3759 ipsam
1429 3677 1766 3759 terminet,
1803 3680 2065 3741 tantum
2113 3678 2335 3758 rigore
2373 3674 2690 3758 justitiae

299 3780 640 3862 mediante,
688 3784 758 3845 et
801 3779 913 3845 ille
962 3779 1320 3847 diffinitiva
1365 3779 1707 3847 sententia
1760 3779 1932 3862 juris
1992 3795 2125 3844 non
2188 3780 2565 3861 expectata,
2614 3778 2686 3845 in

297 3881 578 3950 arbitros
635 3881 1140 3965 compromittit:
1207 3884 1367 3950 talis
1416 3883 1908 3967 compromissio
1971 3901 2091 3965 per
2152 3887 2429 3963 partem,
2491 3884 2692 3966 cujus

295 3987 581 4054 mandati
625 3989 795 4054 fines
839 3991 1235 4070 procurator
1281 3988 1593 4072 excessit,
1633 3989 1703 4054 in
1748 3987 2011 4053 irritum
2058 3985 2307 4068 poterit
2352 3987 2681 4053 revocari.

485 4119 632 4185 591.
678 4117 780 4180 De
819 4115 1364 4202 procuratoribus
1411 4127 1719 4202 quantum
1768 4119 1857 4182 ad
1902 4118 2210 4183 advenas.
2284 4116 2459 4181 Dum
2508 4117 2690 4183 civis

297 4220 544 4297 quidam
592 4223 1026 4304 impeteretur
1071 4239 1189 4303 pro
1237 4221 1484 4290 debitis
1532 4243 1572 4290 a
1618 4222 2013 4304 quibusdam
2062 4221 2352 4288 diversis
2396 4221 2678 4288 advenis

298 4322 696 4394 diversarum
743 4325 1111 4410 civitatum,
1171 4326 1808 4394 sententiatum
1855 4325 2021 4391 fuit
2080 4324 2164 4391 in
2210 4344 2241 4391 s
2262 4328 2558 4392 enatu:
2606 4323 2686 4390 Si
