3275 5009
638 328 803 382 Sententiae
823 329 1008 399 Iglavienses.
1366 334 1426 388 359,
1490 360 1496 366 ·

221 535 434 602 medietatem
459 542 493 602 et
512 536 618 618 jurati
640 539 863 605 medietatem.
902 516 1053 607 De'ludo
1077 540 1235 621 quidquid
1257 515 1417 623 placitum

219 638 330 722 fuerit,
339 641 445 722 judex
457 641 557 707 etium
572 660 669 707 uuam
683 645 812 721 partem
826 648 862 708 et
873 641 1008 710 lucrans
1021 644 1104 709 duas
1116 649 1230 726 partes
1243 644 1417 712 obtinebit.

323 779 399 846 275.
423 779 481 845 1)6
505 779 693 863 optione,
709 782 817 863 quod
834 781 1065 864 invulgari
1084 800 1183 865 „eyn
1200 783 1413 866 geteylts“

205 880 394 951 dicitur.
422 883 667 951 sententiatum
685 890 754 950 est:
777 884 812 950 Si
829 885 927 951 alicui
944 886 1194 967 indisciplinato
1208 888 1310 953 datur
1324 888 1415 969 optio

217 986 357 1052 istorum
380 986 494 1053 trium:
520 988 586 1053 Pro
610 1006 750 1055 excessu
775 989 921 1054 naturali
947 1008 1058 1055 coram
1087 990 1211 1071 jnratis
1240 989 1331 1057 Iacto
1361 992 1416 1057 vel

218 1110 277 1172 pro
300 1091 490 1157 insolentiis
523 1092 692 1175 gravibus,
727 1094 813 1172 quod
848 1093 1021 1158 civitatem
1055 1098 1203 1159 annuet
1233 1094 1287 1159 die
1317 1094 1414 1177 vitet,

217 1194 273 1260 vel
295 1214 413 1262 novem
437 1214 566 1262 marcas
598 1198 787 1263 emendales
819 1194 893 1283 [oro
916 1197 1067 1263 XLVIII
1089 1218 1137 1281 gr.
1160 1217 1304 1265 marcam
1327 1216 1411 1263 com·

216 1296 379 1386 putando]
416 1300 536 1383 solvat,
559 1301 613 1366 vel
636 1302 670 1365 in
694 1302 790 1382 cippo
814 1301 869 1365 vel
892 1302 926 1367 in
950 1302 1015 1367 alio
1046 1301 1119 1367 loco
1152 1301 1265 1368 clauso
1297 1320 1414 1367 novem

216 1402 289 1469 dies
314 1404 449 1485 propria
472 1404 506 1468 in
532 1422 673 1484 persona
697 1405 871 1470 continuet
897 1430 952 1469 -ε
974 1406 1053 1470 talis
1081 1405 1116 1470 in
1142 1408 1258 1471 eodem
1273 1406 1414 1473 instanti

215 1511 250 1571 ct
275 1506 389 1573 statim
412 1508 528 1591 habita
551 1508 794 1575 deliberatione
816 1508 943 1593 eligere
975 1512 1092 1591 debet3
1125 1508 1285 1589 quidquid
1318 1528 1413 1592 prae·

215 1611 380 1676 dictorum
404 1612 548 1695 eligerit,
571 1613 633 1677 hoc
657 1614 771 1679 eodem
795 1613 849 1678 die
873 1620 952 1679 ante
976 1632 1130 1680 occasum
1151 1613 1230 1679 solis
1247 1616 1412 1695 complere

214 1720 250 1780 et
271 1714 384 1782 iacere
406 1720 552 1800 tenetur,
569 1721 604 1782 at
620 1718 822 1798 specialiter,
839 1718 869 1782 sl
886 1717 1053 1783 dationem
1069 1719 1279 1783 denariorum
1296 1719 1409 1799 elegit.

213 1818 353 1886 Denarii
369 1822 456 1887 tales
472 1820 507 1885 in
524 1821 790 1887 emendationem
807 1821 958 1887 civitatis
974 1829 1053 1887 sunt
1065 1822 1292 1889 convertendi.
1306 1821 1408 1907 (180.)

315 1961 392 2027 276.
416 1960 474 2024 De
509 1960 814 2025 assessoribus
848 1961 892 2026 iu
921 1960 1110 2041 juditiis
1144 1959 1406 2025 villanorum

215 2064 533 2145 peremptoriis.
564 2064 773 2146 Asscssores‚
798 2066 854 2144 qui
878 2065 912 2129 in
934 2064 1023 2129 villis
1046 2063 1081 2129 in
1100 2063 1235 2145 judiciis
1260 2082 1408 2145 peremp-

213 2164 309 2230 toriis
334 2168 387 2231 vel
411 2172 522 2232 causis
546 2168 675 2250 magnis
705 2168 897 2251 judicandis
927 2168 1050 2251 Juratis
1083 2186 1142 2250 pro
1173 2154 1408 2234 fortificatioue

209 2269 294 2351 Juris
317 2277 538 2355 apponuntur,
573 2272 638 2337 nisi
671 2290 729 2353 pro
764 2272 821 2337 illo
855 2277 1006 2352 tempore
1035 2272 1152 2355 jurent
1186 2272 1273 2337 sicut
1305 2270 1410 2354 jurati

211 2372 386 2439 electionis
410 2393 491 2440 suae
514 2382 664 2456 tempore
684 2375 896 2456 jnraverunt,
918 2376 953 2442 in
976 2374 1246 2442 accusationibus
1263 2379 1298 2439 et
1313 2375 1410 2441 testi·

210 2472 416 2542 moniis'non
440 2479 565 2545 habent
589 2479 748 2544 virtutem
768 2478 972 2561 jnratorum3
999 2498 1065 2545 nou
1089 2480 1176 2545 euim
1198 2485 1310 2545 actum
1334 2497 1408 2559 pro·

153 2587 157 2593 ⁴
213 2579 319 2661 prium
343 2591 512 2666 exercent,
535 2586 595 2649 sed
618 2589 729 2650 actum
749 2583 937 2665 jnratorum
957 2584 1045 2661 illius
1062 2584 1231 2665 temporis,
1248 2583 1304 2662 qui
1320 2583 1408 2648 forte

210 2685 307 2765 pauci
331 2697 409 2751 sunt
433 2704 577 2764 numero,
602 2689 763 2771 adjuvant
787 2693 821 2753 et
845 2687 1051 2754 confirmant.

313 2824 388 2890 277.
425 2824 517 2890 Von
550 2826 837 2891 untersoheid
871 2828 948 2890 der
981 2826 1127 2889 wendc
1162 2826 1407 2892 czwischeu

209 2925 385 2991 hewser.
421 2928 559 2994 Welche
595 2929 675 2994 lewt
710 2930 767 2993 erb
793 2926 892 3011 (ader
913 2928 1057 3013 hewser)
1092 2930 1200 2993 neben
1235 2931 1406 3009 eynander

208 3030 328 3113 haben,
360 3033 400 3096 do
432 3032 480 3097 sol
511 3032 652 3097 iczleich
686 3050 769 3113 seyn
802 3038 895 3097 want
927 3033 1096 3097 besunder
1129 3032 1237 3096 haben
1266 3051 1296 3097 u.
1319 3032 1405 3097 auch

208 3152 290 3218 seyn
312 3137 481 3201 besuuder
502 3155 647 3217 rynncn3
670 3154 707 3217 sy
731 3137 851 3201 wollen
876 3137 963 3201 daun
987 3135 1182 3217 peyderseit
1205 3136 1265 3200 mit
1288 3144 1402 3218 gutem

207 3238 319 3305 willon
342 3239 395 3305 ein
417 3246 505 3306 want
527 3259 557 3305 u.
581 3240 635 3307 ein
660 3259 745 3323 rynn
769 3240 887 3306 haben.
912 3239 994 3325 (69.)

309 3379 385 3446 278.
415 3380 476 3444 Ad
507 3378 624 3445 idem.
659 3380 735 3461 Eyn
767 3378 886 3444 iccleilr
910 3397 985 3443 man
1008 3377 1057 3442 sol
1081 3397 1164 3459 seyn
1186 3396 1313 3443 wasser
1336 3397 1401 3445 von

207 3498 342 3565 seyuem
358 3483 417 3548 erb
433 3482 609 3565 auivahen‚
624 3484 683 3547 das
696 3500 731 3547 es
746 3500 862 3564 eynem
875 3483 1056 3547 nachbawr
1066 3483 1161 3548 nicht
1174 3482 1306 3547 sobade.
1320 3481 1399 3566 (70.)

310 3621 386 3688 279.
410 3622 469 3686 Ad
486 3622 602 3686 idem.
625 3622 779 3703 Maiorem
797 3622 909 3702 pader,
925 3623 1006 3685 ader
1022 3620 1179 3685 semelich
1195 3621 1283 3701 lewt‚
1303 3622 1346 3703 dy
1363 3638 1400 3685 so

207 3724 254 3790 vil
276 3743 404 3791 wasser
427 3724 608 3808 bedurffen,
631 3727 690 3791 das
715 3744 751 3790 es
768 3727 896 3791 andern
912 3724 1035 3789 lewten
1051 3742 1111 3789 czu
1127 3724 1274 3789 schaden
1292 3725 1402 3790 mocht
1434 3752 1440 3761 ·

205 3828 335 3911 Romen,
358 3830 412 3894 die
436 3829 543 3895 sullen
567 3830 597 3893 ir
619 3848 748 3895 wasser
770 3848 813 3894 au
837 3829 906 3894 irer
928 3830 1152 3909 nachpawern
1168 3828 1325 3909 schedam
1342 3830 1402 3893 das

205 3931 291 3998 noch
313 3951 397 4015 weg,
420 3934 505 3999 noch
527 3940 612 4016 steg,
646 3933 730 3998 noch
765 3939 882 4017 stress,
916 3933 1001 3997 noch
1035 3948 1135 4015 gesse
1167 3949 1232 3996 von
1268 3933 1400 3996 danncn

205 4037 378 4119 verderbe,
400 4036 516 4119 layten
541 4055 569 4102 u.
592 4036 697 4103 iuran.
723 4036 802 4121 (71.)

309 4176 384 4243 280.
413 4174 501 4240 Von
533 4194 698 4242 wasser
731 4176 915 4241 trieffen.
952 4174 1012 4256 Wy
1046 4174 1126 4255 lang
1149 4173 1203 4240 ein
1227 4192 1301 4240 man
1325 4175 1399 4238 dem

204 4278 331 4344 andern
366 4298 440 4362 gan,
474 4281 535 4367 das
566 4279 639 4345 sein
673 4296 802 4346 wasser
835 4278 896 4345 aui
924 4297 970 4360 yn
1001 4294 1072 4361 gee,
1103 4296 1133 4342 u.
1157 4279 1216 4343 das
1240 4278 1300 4343 mit
1322 4285 1401 4359 pete
