3275 5009
1284 369 1622 422 Brunenses.
2581 368 2647 418 77

267 577 500 641 debeat
546 576 843 660 vigorem
887 577 1154 658 habere,
1216 582 1286 642 et
1329 575 1605 658 insuper
1651 573 2001 654 HenricuS,
2069 576 2287 638 utrum
2341 573 2649 641 residuas

268 680 331 746 H
395 699 673 764 marcaS,
728 700 893 761 quas
941 684 1023 748 de
1069 680 1172 746 XI
1205 679 1594 762 principalis
1628 679 1841 745 debiti
1873 697 1957 744 ex
1990 677 2377 743 venditione
2410 696 2650 745 census

266 788 544 851 nondum
617 785 937 867 percepit,
986 784 1115 852 sibi
1159 802 1290 850 non
1337 789 1654 850 teneatur
1702 784 2154 864 superaddere
2203 782 2400 862 pleno
2438 781 2649 862 jure?

462 889 737 972 Super
781 888 1095 970 quibus
1143 889 1786 955 sententiatum
1832 885 2034 953 fuit:
2082 886 2272 970 Quod
2319 905 2402 953 ex
2434 886 2645 968 prima

264 993 653 1077 conditione,
700 1012 895 1075 quam
959 992 1292 1061 Henricus
1354 991 1424 1056 in
1486 991 1889 1072 obligatione
1950 990 2371 1073 interposuit,
2431 990 2648 1056 omnia

264 1098 677 1180 praescripta
723 1099 1033 1178 quaesita
1078 1105 1238 1164 sunt
1285 1097 1521 1163 soluta.
1566 1093 1673 1160 Ex
1721 1113 1801 1160 ea
1840 1112 2124 1173 namque
2163 1099 2301 1160 tam
2330 1095 2650 1179 venditio,

266 1221 447 1280 quam
494 1204 892 1284 promissum
938 1222 1058 1285 per
1104 1202 1378 1268 Petrum
1422 1199 1607 1265 facta
1669 1202 1820 1263 rata
1874 1199 2150 1263 stabunt
2197 1202 2266 1262 et
2311 1198 2645 1264 Henricus

263 1307 470 1372 adhuc
520 1307 590 1372 in
639 1309 895 1373 duabus
942 1305 1202 1389 marcis,
1249 1322 1421 1385 quae
1461 1305 1545 1371 de
1577 1303 1965 1369 venditione
1998 1320 2235 1368 census
2266 1320 2396 1367 non
2428 1320 2648 1368 cesse-

262 1416 426 1493 runt,
474 1410 606 1476 sibi
654 1411 1051 1477 satisfacere
1097 1415 1389 1491 tenetur,
1436 1425 1559 1473 nec
1607 1412 1868 1489 emptor
1905 1407 2266 1489 remissiuS,
2300 1424 2493 1486 quam
2528 1426 2646 1488 pro

264 1514 392 1579 XII
452 1515 717 1597 marciS,
793 1515 922 1580 nisi
985 1515 1294 1581 benivole
1355 1512 1665 1594 voluerit,
1729 1512 1818 1576 ad
1875 1509 2324 1576 redimendum
2380 1529 2647 1578 censum

262 1617 547 1685 Henrico
580 1619 787 1685 dabit.
813 1620 971 1686 Cum
1021 1619 1195 1685 enim
1242 1636 1447 1684 causa
1496 1616 1686 1696 lucri,
1732 1616 1908 1683 sicut
1952 1618 2024 1679 et
2070 1613 2202 1680 alia
2247 1633 2357 1681 res
2391 1615 2648 1698 emitur,

263 1724 502 1788 dictum
556 1741 827 1789 censum
876 1724 1113 1790 emerit
1152 1724 1301 1806 jure
1346 1723 1668 1803 civitatiS,
1735 1726 1842 1786 est
1885 1719 1956 1785 in
2001 1737 2121 1785 suo
2168 1719 2361 1801 velle,
2429 1719 2647 1785 levius

265 1844 450 1905 quam
483 1829 849 1894 secundum
883 1832 1105 1892 taxam
1144 1829 1439 1912 ejusdem
1472 1825 1638 1906 iuris
1671 1826 1887 1907 ipsum
1918 1825 2232 1904 vendere,
2265 1823 2373 1890 cui
2402 1824 2648 1906 placet.

263 1929 442 1997 Unde
489 1931 562 1997 in
612 1931 1151 2014 obligationibus
1211 1929 1751 2015 fidejussionibus
1797 1932 1869 1993 et
1914 1926 2254 2008 promissis
2318 1945 2431 1992 seu
2496 1945 2647 1992 con-

264 2036 588 2102 tractibus
637 2035 1159 2117 quibuscunque,
1202 2034 1257 2099 si
1294 2033 1710 2100 conditiones
1743 2031 2253 2112 intervenerint,
2285 2033 2648 2096 secundum

264 2140 538 2223 easdem,
624 2139 777 2219 quia
844 2140 979 2223 juri
1060 2139 1406 2221 communi,
1484 2137 1659 2217 quod
1727 2135 2097 2217 restringit,
2167 2136 2640 2213 quodammodo

266 2244 602 2327 derogant,
649 2241 1049 2309 diffinitivae
1087 2242 1465 2309 sententiae
1499 2244 1656 2308 sunt
1686 2239 2022 2306 ferendae.

456 2390 607 2464 129.
674 2399 823 2461 Item
886 2399 975 2462 ad
1020 2386 1219 2482 idem,
1265 2397 1547 2481 qualiter
1605 2399 1677 2460 in
1715 2396 1976 2482 judicio
2036 2396 2126 2457 sit
2185 2395 2512 2480 aqc‘ndum.
2575 2395 2648 2462 Si

265 2502 594 2570 debitores
656 2505 782 2570 duo
846 2502 1243 2586 promittunt
1309 2502 1421 2568 11111
1490 2500 1812 2568 creditori
1873 2498 2170 2567 debitum
2238 2498 2505 2580 aliquod
2573 2499 2645 2566 in

265 2606 533 2673 solidum
604 2625 723 2673 seu
792 2609 1149 2692 conjuncta
1210 2623 1423 2689 manu,
1504 2608 1679 2686 quod
1739 2604 2118 2687 vulgariter
2177 2603 2422 2669 dicitur
2487 2603 2647 2690 „mit

266 2720 641 2793 gesampter
671 2712 913 2777 hant“:
957 2711 1118 2778 talis
1166 2711 1458 2776 creditor
1505 2710 1907 2778 adveniente
1953 2706 2236 2774 termino
2283 2709 2484 2773 debet
2522 2727 2643 2788 pro

264 2813 562 2883 facienda
609 2815 940 2882 solutione
988 2817 1214 2883 ambos
1262 2832 1563 2895 monere,
1608 2821 1681 2880 et
1725 2815 1783 2880 si
1814 2813 2031 2894 ipsum
2062 2830 2193 2878 non
2227 2812 2643 2894 pagaverint,

267 2923 478 2997 potest
537 2937 671 2985 uno
736 2920 1042 2986 absoluto
1110 2922 1195 2985 ab
1262 2919 1391 2984 alio
1459 2924 1674 2984 totum
1745 2916 2062 2998 debitum,
2131 2934 2274 2982 cum
2342 2917 2429 2981 ad
2493 2917 2640 2999 eJus

268 3024 651 3089 solutionem
711 3025 971 3091 ratione
1032 3023 1430 3091 conditionis
1475 3024 1877 3104 importatae
1935 3038 2056 3102 per
2100 3018 2487 3086 adverbium
2538 3019 2646 3102 „in

265 3126 568 3193 solidum“
610 3136 887 3208 uterque
919 3135 1254 3210 teneatur,
1286 3128 1710 3210 integraliter
1743 3130 2159 3204 extorquere.
2196 3124 2381 3189 Idem
2415 3131 2639 3190 tamen

267 3230 453 3297 habet
502 3249 691 3298 suum
738 3234 1252 3315 condebitorem,
1299 3250 1492 3312 quem
1537 3231 1834 3298 creditor
1877 3230 2157 3295 liberum
2206 3227 2474 3311 dimisit,
2523 3247 2642 3311 pro

269 3340 445 3414 parte
493 3353 642 3402 eum
688 3341 1006 3418 tangente
1053 3337 1160 3403 vel
1207 3337 1337 3402 illis
1385 3335 1594 3401 modis
1626 3334 2031 3417 specialiter,
2061 3334 2298 3411 quibus
2345 3333 2642 3399 creditor

267 3435 464 3517 ipsum
510 3444 813 3523 occupat,
860 3441 1231 3525 angariare,
1277 3440 1386 3507 vel
1429 3440 1659 3517 modiS‚
1706 3438 1820 3519 qui
1865 3437 2298 3504 communiter
2335 3437 2646 3520 justitiae

270 3542 625 3609 conformes
668 3541 939 3628 fuerint,
986 3548 1312 3610 coartare.

458 3701 610 3765 130.
656 3698 767 3764 Ad
811 3701 999 3780 idem,
1046 3708 1353 3783 quantum
1399 3699 1487 3762 ad
1533 3697 1910 3782 obstaqium.
1965 3696 2344 3763 Cribratum
2382 3702 2488 3762 est
2523 3714 2641 3778 per

275 3801 635 3883 sapientes:
683 3803 844 3871 Cum
867 3805 979 3888 jus
1012 3804 1350 3882 antiquum
1390 3803 1659 3884 habeat,
1691 3804 1866 3881 quod
1897 3801 2118 3867 nullus
2150 3802 2458 3883 captivus
2490 3800 2645 3866 duci

275 3903 499 3972 debeat
546 3912 741 3974 extra
788 3907 1150 3989 civitatem,
1198 3907 1501 3986 quamvis
1548 3904 1735 3989 civis,
1803 3906 1914 3985 qui
1960 3908 2263 3989 promisit
2307 3905 2646 3990 creditori,

276 4012 433 4085 quod
476 4010 853 4094 obstagium
897 4011 967 4077 111
1012 4011 1231 4091 aliquo
1278 4011 1422 4077 loco
1470 4029 1745 4077 servare
1808 4011 1990 4094 velit,
2052 4004 2120 4078 et
2191 4013 2474 4079 monitus
2523 4030 2648 4093 per

276 4109 471 4192 ipsum
513 4116 638 4181 hoc
684 4133 815 4182 11011
858 4115 1049 4182 facit:
1096 4121 1319 4181 tamen
1366 4115 1597 4197 eidem,
1645 4117 1819 4194 quod
1866 4117 1948 4182 de
1996 4116 2275 4183 civitate
2331 4119 2641 4196 ducatur,

280 4230 393 4280 11011
457 4223 563 4284 est
629 4221 1181 4301 praesentanduS,
1248 4220 1368 4284 sed
1436 4218 1648 4284 solum
1715 4219 1774 4284 si
1835 4221 2167 4304 justitiam
2243 4220 2415 4302 petit
2484 4219 2643 4285 talis

280 4322 567 4415 creditor,
613 4323 729 4389 illa
773 4324 840 4390 in
890 4323 1169 4391 civitate
1217 4328 1323 4389 est
1368 4323 1497 4389 sibi
1547 4322 1873 4390 facienda.
1937 4324 2029 4389 Et
2087 4324 2155 4390 in
2199 4325 2350 4390 aliis
2414 4323 2638 4389 condi-
