3275 5009
1363 364 1700 418 Brunenses.
2625 366 2728 421 241

307 567 641 652 fecerint,·
651 573 1062 637 testamento
1094 571 1396 654 valente3
1428 589 1584 638 nam
1613 589 1830 651 neque
1862 575 2276 639 testamenta
2304 576 2493 640 recte
2524 572 2730 656 facta,

314 690 546 753 neque
591 674 775 743 aliud
820 674 1021 742 ullum
1070 675 1411 759 negotium
1458 680 1647 742 recte
1691 680 1955 760 gestum
2001 680 2239 758 postea
2282 675 2469 743 furor
2518 676 2729 745 inter-

308 776 606 843 veniens
651 777 940 859 perimit.

524 881 611 948 It.
637 882 994 966 Prodigus,
1025 881 1135 947 cui
1165 884 1483 949 bonorum
1518 900 1788 948 suorum
1820 879 2317 948 administratio
2350 882 2727 951 interdicta

307 988 436 1067 est,
468 990 957 1052 testamentum
989 984 1215 1053 facere
1248 1004 1381 1052 non
1412 990 1672 1068 potest3
1709 987 1830 1052 sed
1860 985 1948 1068 id,
1996 987 2172 1066 quod
2216 990 2419 1052 antea
2466 987 2729 1072 fecerit,

305 1107 512 1168 quam
560 1088 953 1156 interdictio
999 1090 1322 1155 bonorum
1368 1107 1636 1156 suorum
1683 1089 1747 1155 ei
1792 1087 1931 1170 fiat,
1991 1093 2215 1157 ratum
2260 1095 2384 1157 est.
2446 1090 2571 1178 (Et
2615 1103 2727 1159 est

302 1193 638 1278 prodigus
682 1193 820 1276 ille,
868 1192 983 1274 qui
1027 1211 1245 1273 neque
1275 1196 1558 1276 modum,
1588 1210 1806 1272 neque
1838 1191 2033 1259 finem
2065 1193 2276 1260 habet
2306 1194 2376 1260 in
2406 1196 2727 1279 expensis

301 1302 374 1362 et
422 1299 552 1362 dat
600 1299 822 1363 danda
867 1300 939 1363 et
984 1314 1119 1362 non
1165 1298 1436 1382 danda.)

521 1401 612 1467 It.
659 1401 916 1468 Surdus
963 1404 1036 1467 et
1078 1406 1298 1467 mutus
1360 1420 1491 1468 non
1551 1419 1817 1484 semper
1874 1400 2100 1468 facere
2159 1408 2445 1484 possunt
2505 1408 2722 1470 testa-

301 1510 627 1571 mentum.
677 1505 802 1587 (Et
846 1504 1179 1586 loquimur
1224 1506 1307 1570 de
1355 1523 1433 1572 eo
1480 1507 1703 1588 surde,
1750 1506 1863 1585 qui
1908 1505 2169 1573 omnino
2214 1525 2347 1573 non
2394 1508 2603 1591 audit,
2648 1514 2724 1574 et

301 1627 459 1689 non,
512 1609 633 1691 qui
680 1610 876 1676 tarde
915 1608 1226 1689 exaudit3
1272 1627 1424 1675 nam
1457 1615 1527 1674 et
1558 1614 1779 1675 mutus
1810 1609 1866 1675 is
1901 1608 2323 1693 intelligitur,
2355 1611 2467 1690 qui
2500 1610 2724 1692 eloqui

301 1714 474 1780 nihil
525 1717 777 1796 potest,
820 1730 951 1778 non
999 1711 1112 1791 qui
1173 1713 1369 1778 tarde
1428 1712 1746 1793 loquitur.
1807 1712 2024 1795 Saepe
2085 1712 2291 1780 etiam
2347 1713 2607 1782 literati
2653 1715 2721 1782 et

301 1818 567 1884 eruditi
610 1817 910 1883 homines
956 1815 1167 1884 variis
1214 1815 1483 1882 casibus
1528 1821 1599 1882 et
1646 1815 1961 1883 audiendi
2021 1820 2091 1882 et
2135 1817 2452 1896 loquendi
2509 1817 2719 1884 facul-

298 1926 521 1988 tatem
571 1921 977 2002 ammittunt,
1024 1924 1096 1986 et
1138 1924 1367 1986 tamen
1429 1918 1678 1986 ceteris
1740 1921 2009 1986 casibus
2070 1925 2141 1987 et
2199 1923 2413 1988 modis
2472 1922 2719 1989 testari

301 2027 650 2110 possunt).
695 2026 829 2091 Sed
875 2024 988 2104 qui
1035 2028 1189 2106 post
1234 2027 1715 2089 testamentum
1758 2022 2010 2089 factum
2072 2025 2319 2090 surdus
2380 2030 2450 2090 et
2495 2030 2715 2092 mutus

304 2148 462 2197 esse
515 2129 837 2212 coeperit,
891 2132 1111 2195 ratum
1157 2126 1582 2194 nihilominus
1626 2123 1977 2209 permanet
2024 2126 2167 2209 eJus
2222 2132 2715 2197 testamentum.

295 2234 499 2302 Unde
550 2235 794 2299 surdus
841 2236 912 2298 et
954 2235 1178 2298 mutus
1224 2248 1406 2314 casu,
1458 2231 1570 2297 vel
1620 2235 1843 2298 mutus
1904 2236 2189 2316 tantum,
2254 2231 2400 2299 sive
2462 2238 2717 2300 natura

297 2337 448 2406 sive
533 2354 712 2415 casu,
787 2337 847 2402 si
921 2336 1220 2412 scribere
1295 2336 1582 2418 noverit,
1659 2354 1781 2402 sua
1850 2354 2049 2402 mauu
2120 2336 2419 2403 scribere
2489 2341 2723 2419 potest

300 2447 811 2509 testamentum.
1317 2433 1320 2436 ’

514 2545 604 2612 It.
649 2543 1069 2626 Dampnatus
1115 2546 1202 2610 ad
1248 2548 1526 2610 mortem
1576 2542 1841 2610 civilem
1887 2545 1999 2611 vel
2045 2544 2422 2612 naturalem
2470 2545 2727 2612 testari

300 2668 434 2718 non
501 2654 747 2732 potest.
809 2648 895 2715 It.
955 2648 1058 2714 De
1105 2645 1380 2715 crimine
1439 2647 1691 2714 famoso
1762 2650 2177 2730 dampnatus,
2249 2648 2335 2715 It.
2383 2650 2487 2715 De
2535 2653 2725 2715 statu

302 2772 430 2820 suo
483 2754 898 2821 dubitantes,

519 2856 602 2926 It.
650 2856 965 2924 Monachi
1013 2862 1083 2922 et
1114 2855 1499 2938 presbyteri
1530 2857 1613 2922 de
1646 2856 1773 2932 his,
1806 2874 1979 2936 quae
2014 2858 2269 2922 habent
2299 2875 2340 2923 a
2376 2857 2726 2924 beneficiis

299 2960 816 3044 ecclesiasticis,
859 2959 1109 3027 testari
1154 2977 1287 3026 non
1334 2964 1633 3042 possunt.
1695 2960 2094 3043 Presbyteri
2155 2966 2383 3027 tamen
2439 2978 2524 3026 ex
2570 2960 2726 3042 hiis,

303 3084 483 3145 quae
549 3065 804 3132 habent
866 3082 951 3131 ex
1018 3062 1416 3145 patrimonio
1489 3064 1600 3130 vel
1672 3062 1937 3130 ratione
2006 3082 2359 3148 personae,
2428 3069 2591 3147 puta
2660 3065 2721 3130 si

296 3170 557 3252 jurista
629 3169 741 3236 vel
811 3166 1108 3250 scriptor
1196 3166 1344 3249 quis
1432 3166 1565 3234 fuit
1655 3167 1767 3234 vel
1842 3167 2025 3235 aliud
2102 3167 2391 3235 officium
2486 3169 2728 3254 gessit,

305 3273 557 3342 testari
601 3277 850 3356 potest.

518 3377 602 3443 It„
649 3377 1089 3443 Testamenta
1134 3376 1530 3454 quandoque
1578 3374 1751 3443 fiunt
1796 3393 1981 3458 pure,
2039 3379 2435 3463 quandoque
2497 3376 2722 3447 condi-

307 3481 692 3563 tionaliter3
725 3486 795 3547 et
826 3481 886 3546 si
915 3478 1346 3560 impossibilis
1378 3478 1672 3545 conditio
1704 3479 2154 3564 testamentis,
2178 3477 2725 3547 institutionibus

306 3594 377 3652 et
421 3584 964 3669 fidejussionibus
1011 3582 1502 3666 interponatur,
1547 3600 1669 3665 pro
1716 3599 1849 3648 non
1893 3582 2152 3665 scripta
2198 3584 2553 3652 habeatur.

518 3689 607 3754 It.
679 3686 753 3754 Si
828 3686 1054 3769 plures
1144 3686 1564 3752 conditiones
1654 3686 2197 3754 institutionibus
2284 3689 2391 3756 vel
2469 3688 2724 3773 legatis

307 3793 698 3875 adscriptae
770 3795 952 3873 sunt,
1026 3790 1352 3870 siquidem
1421 3789 1843 3874 conjunctim,
1919 3796 2180 3875 utputa,
2242 3790 2303 3858 si
2372 3792 2439 3858 id
2508 3797 2579 3858 et
2650 3791 2726 3858 id

307 3896 565 3965 factum
607 3896 721 3978 sit,
765 3894 1067 3962 omnibus
1114 3896 1480 3974 parendum
1526 3899 1652 3960 est.
1699 3893 1773 3961 Si
1826 3895 2211 3978 separatim,
2266 3896 2482 3964 veluti
2539 3896 2604 3963 si
2650 3896 2724 3962 id

307 4008 429 4067 aut
473 4000 541 4066 id
586 3999 842 4067 factum
892 3997 1041 4081 erit,
1087 3996 1364 4065 cuilibet
1409 3999 1879 4080 obtemperare
1924 3999 2096 4065 satis
2144 4005 2269 4067 est.

516 4104 603 4170 It.
647 4102 758 4184 Hi,
821 4121 989 4183 quos
1049 4119 1398 4181 numquam
1468 4108 1765 4171 testator
1834 4102 2027 4185 vidit,
2098 4105 2381 4170 heredes
2444 4102 2721 4173 institui

304 4214 610 4291 possunt,
664 4207 853 4275 velut
914 4205 973 4272 si
1033 4204 1273 4273 fratris
1332 4205 1506 4272 filios
1558 4207 2103 4291 peregrinantes,
2164 4208 2479 4291 ignorans
2543 4210 2720 4288 quod

309 4316 557 4390 essent,
598 4312 886 4378 heredes
934 4309 1343 4393 instituerit,
1388 4309 1773 4394 ignorantia
1819 4312 1993 4378 enim
2041 4313 2363 4382 testantis
2410 4311 2718 4379 inutilem

414 4450 563 4491 Codex
588 4448 670 4497 iur.
698 4448 797 4487 boh.
827 4446 882 4491 11.
913 4453 952 4488 4.
2444 4435 2509 4488 16
