<?xml version="1.0" encoding="UTF-8"?>
<!DOCTYPE html PUBLIC "-//W3C//DTD XHTML 1.0 Transitional//EN"
    "http://www.w3.org/TR/xhtml1/DTD/xhtml1-transitional.dtd">
<html xmlns="http://www.w3.org/1999/xhtml" xml:lang="en" lang="en">
 <head>
  <title>
</title>
<meta http-equiv="Content-Type" content="text/html;charset=utf-8" />
  <meta name='ocr-system' content='tesseract 3.04.00' />
  <meta name='ocr-capabilities' content='ocr_page ocr_carea ocr_par ocr_line ocrx_word'/>
</head>
<body>
  <div class='ocr_page' id='page_1' title='image "./codexjurisbohem00unkngoog_0249.png"; bbox 0 0 3275 5009; ppageno 0'>
   <div class='ocr_carea' id='block_1_1' title="bbox 698 327 1382 385">
    <p class='ocr_par' dir='ltr' id='par_1_1' title="bbox 698 327 1382 385">
     <span class='ocr_line' id='line_1_1' title="bbox 698 327 1382 385; baseline 0.004 -5"><span class='ocrx_word' id='word_1_1' title='bbox 698 327 866 381; x_wconf 89' lang='lat' dir='ltr'>Brunenses.</span> <span class='ocrx_word' id='word_1_2' title='bbox 1330 330 1382 385; x_wconf 83' lang='lat'>233</span> 
     </span>
    </p>
   </div>
   <div class='ocr_carea' id='block_1_2' title="bbox 116 532 1466 4373">
    <p class='ocr_par' dir='ltr' id='par_1_2' title="bbox 170 532 1466 2185">
     <span class='ocr_line' id='line_1_2' title="bbox 173 532 1381 619; baseline 0.001 -19"><span class='ocrx_word' id='word_1_3' title='bbox 173 552 243 615; x_wconf 87' lang='lat' dir='ltr'>quo</span> <span class='ocrx_word' id='word_1_4' title='bbox 282 532 429 601; x_wconf 89' lang='lat' dir='ltr'>servitus</span> <span class='ocrx_word' id='word_1_5' title='bbox 463 535 672 619; x_wconf 75' lang='lat' dir='ltr'>admittatur,</span> <span class='ocrx_word' id='word_1_6' title='bbox 695 551 772 602; x_wconf 66' lang='lat' dir='ltr'>‘non</span> <span class='ocrx_word' id='word_1_7' title='bbox 805 537 848 601; x_wconf 90' lang='lat' dir='ltr'>ad</span> <span class='ocrx_word' id='word_1_8' title='bbox 881 536 1008 604; x_wconf 83' lang='lat' dir='ltr'>fontem</span> <span class='ocrx_word' id='word_1_9' title='bbox 1041 535 1130 619; x_wconf 92' lang='lat' dir='ltr'>ierit,</span> <span class='ocrx_word' id='word_1_10' title='bbox 1164 554 1226 603; x_wconf 89' lang='lat' dir='ltr'>nec</span> <span class='ocrx_word' id='word_1_11' title='bbox 1260 553 1381 616; x_wconf 85' lang='lat' dir='ltr'>aquam</span> 
     </span>
     <span class='ocr_line' id='line_1_3' title="bbox 174 638 1376 724; baseline 0 -18"><span class='ocrx_word' id='word_1_12' title='bbox 174 638 341 721; x_wconf 80' lang='lat' dir='ltr'>hauserit,</span> <span class='ocrx_word' id='word_1_13' title='bbox 376 638 452 705; x_wconf 86' lang='grc'><strong>1111</strong></span> <span class='ocrx_word' id='word_1_14' title='bbox 480 639 616 706; x_wconf 89' lang='lat' dir='ltr'>amittit.</span> <span class='ocrx_word' id='word_1_15' title='bbox 655 639 692 707; x_wconf 81' lang='lat' dir='ltr'>Si</span> <span class='ocrx_word' id='word_1_16' title='bbox 725 640 800 721; x_wconf 90' lang='lat' dir='ltr'>quis</span> <span class='ocrx_word' id='word_1_17' title='bbox 835 659 955 724; x_wconf 89' lang='lat' dir='ltr'>eorum,</span> <span class='ocrx_word' id='word_1_18' title='bbox 994 642 1113 722; x_wconf 91' lang='lat' dir='ltr'>quibus</span> <span class='ocrx_word' id='word_1_19' title='bbox 1147 642 1376 721; x_wconf 78' lang='lat' dir='ltr'>aquaeductus</span> 
     </span>
     <span class='ocr_line' id='line_1_4' title="bbox 174 742 1381 830; baseline 0.003 -23"><span class='ocrx_word' id='word_1_20' title='bbox 174 742 330 810; x_wconf 87' lang='lat' dir='ltr'>servitus</span> <span class='ocrx_word' id='word_1_21' title='bbox 351 744 525 826; x_wconf 82' lang='lat' dir='ltr'>debeatur,</span> <span class='ocrx_word' id='word_1_22' title='bbox 547 762 657 826; x_wconf 88' lang='lat' dir='ltr'>aquae</span> <span class='ocrx_word' id='word_1_23' title='bbox 679 746 853 812; x_wconf 82' lang='lat' dir='ltr'>ducendae</span> <span class='ocrx_word' id='word_1_24' title='bbox 872 747 1079 814; x_wconf 90' lang='lat' dir='ltr'>non-utendo</span> <span class='ocrx_word' id='word_1_25' title='bbox 1107 744 1268 830; x_wconf 88' lang='lat' dir='ltr'>amiserit,</span> <span class='ocrx_word' id='word_1_26' title='bbox 1297 744 1381 811; x_wconf 89' lang='lat' dir='ltr'>nihil</span> 
     </span>
     <span class='ocr_line' id='line_1_5' title="bbox 170 845 1379 934; baseline 0.003 -22"><span class='ocrx_word' id='word_1_27' title='bbox 170 845 262 928; x_wconf 87' lang='lat' dir='ltr'>juris</span> <span class='ocrx_word' id='word_1_28' title='bbox 285 864 325 913; x_wconf 92' lang='lat' dir='ltr'>eo</span> <span class='ocrx_word' id='word_1_29' title='bbox 348 847 479 914; x_wconf 90' lang='lat' dir='ltr'>nomine</span> <span class='ocrx_word' id='word_1_30' title='bbox 502 848 659 932; x_wconf 88' lang='lat' dir='ltr'>caeteris,</span> <span class='ocrx_word' id='word_1_31' title='bbox 682 850 741 930; x_wconf 90' lang='lat' dir='ltr'>qui</span> <span class='ocrx_word' id='word_1_32' title='bbox 763 850 836 918; x_wconf 91' lang='lat' dir='ltr'>rivo</span> <span class='ocrx_word' id='word_1_33' title='bbox 859 852 1051 934; x_wconf 90' lang='lat' dir='ltr'>utebantur,</span> <span class='ocrx_word' id='word_1_34' title='bbox 1083 849 1244 917; x_wconf 81' lang='lat' dir='ltr'>accrevit.</span> <span class='ocrx_word' id='word_1_35' title='bbox 1274 847 1379 929; x_wconf 83' lang='lat' dir='ltr'>idque</span> 
     </span>
     <span class='ocr_line' id='line_1_6' title="bbox 174 952 1378 1037; baseline 0.003 -22"><span class='ocrx_word' id='word_1_36' title='bbox 174 953 383 1018; x_wconf 85' lang='lat' dir='ltr'>commodum</span> <span class='ocrx_word' id='word_1_37' title='bbox 406 954 479 1037; x_wconf 87' lang='lat' dir='ltr'>ejus</span> <span class='ocrx_word' id='word_1_38' title='bbox 502 958 564 1037; x_wconf 89' lang='lat' dir='ltr'>est,</span> <span class='ocrx_word' id='word_1_39' title='bbox 587 971 648 1035; x_wconf 88' lang='lat' dir='ltr'>per</span> <span class='ocrx_word' id='word_1_40' title='bbox 672 952 767 1036; x_wconf 80' lang='lat' dir='ltr'>quus</span> <span class='ocrx_word' id='word_1_41' title='bbox 789 954 927 1021; x_wconf 86' lang='lat' dir='ltr'>fundum</span> <span class='ocrx_word' id='word_1_42' title='bbox 949 974 1036 1035; x_wconf 85' lang='lat' dir='ltr'>aqua</span> <span class='ocrx_word' id='word_1_43' title='bbox 1052 956 1255 1034; x_wconf 79' lang='lat' dir='ltr'>ducebatur3</span> <span class='ocrx_word' id='word_1_44' title='bbox 1279 953 1378 1019; x_wconf 90' lang='lat' dir='ltr'>liber·</span> 
     </span>
     <span class='ocr_line' id='line_1_7' title="bbox 178 1056 1380 1141; baseline 0 -20"><span class='ocrx_word' id='word_1_45' title='bbox 178 1061 252 1122; x_wconf 89' lang='lat' dir='ltr'>tate</span> <span class='ocrx_word' id='word_1_46' title='bbox 276 1056 362 1122; x_wconf 91' lang='lat' dir='ltr'>enim</span> <span class='ocrx_word' id='word_1_47' title='bbox 387 1056 483 1141; x_wconf 91' lang='lat' dir='ltr'>hujus</span> <span class='ocrx_word' id='word_1_48' title='bbox 512 1058 620 1139; x_wconf 92' lang='lat' dir='ltr'>partis</span> <span class='ocrx_word' id='word_1_49' title='bbox 651 1060 799 1126; x_wconf 88' lang='lat' dir='ltr'>servitos</span> <span class='ocrx_word' id='word_1_50' title='bbox 830 1057 962 1127; x_wconf 77' lang='lat' dir='ltr'>fruitur.</span> <span class='ocrx_word' id='word_1_51' title='bbox 994 1058 1030 1125; x_wconf 83' lang='lat' dir='ltr'>Si</span> <span class='ocrx_word' id='word_1_52' title='bbox 1061 1059 1135 1139; x_wconf 92' lang='lat' dir='ltr'>quis</span> <span class='ocrx_word' id='word_1_53' title='bbox 1166 1075 1246 1125; x_wconf 91' lang='lat' dir='ltr'>usus</span> <span class='ocrx_word' id='word_1_54' title='bbox 1277 1056 1380 1124; x_wconf 80' lang='lat' dir='ltr'>fuerit</span> 
     </span>
     <span class='ocr_line' id='line_1_8' title="bbox 173 1158 1381 1246; baseline 0.002 -21"><span class='ocrx_word' id='word_1_55' title='bbox 173 1158 365 1245; x_wconf 77' lang='lat' dir='ltr'>almaque,</span> <span class='ocrx_word' id='word_1_56' title='bbox 397 1180 495 1243; x_wconf 88' lang='lat' dir='ltr'>quam</span> <span class='ocrx_word' id='word_1_57' title='bbox 518 1163 559 1229; x_wconf 91' lang='lat' dir='ltr'>de</span> <span class='ocrx_word' id='word_1_58' title='bbox 583 1181 649 1243; x_wconf 91' lang='lat' dir='ltr'>qua</span> <span class='ocrx_word' id='word_1_59' title='bbox 680 1162 715 1230; x_wconf 92' lang='lat' dir='ltr'>in</span> <span class='ocrx_word' id='word_1_60' title='bbox 745 1163 914 1231; x_wconf 89' lang='lat' dir='ltr'>servitute</span> <span class='ocrx_word' id='word_1_61' title='bbox 946 1164 1146 1246; x_wconf 91' lang='lat' dir='ltr'>imponenda</span> <span class='ocrx_word' id='word_1_62' title='bbox 1177 1166 1287 1229; x_wconf 87' lang='lat' dir='ltr'>actum</span> <span class='ocrx_word' id='word_1_63' title='bbox 1318 1164 1381 1243; x_wconf 90' lang='lat' dir='ltr'>est,</span> 
     </span>
     <span class='ocr_line' id='line_1_9' title="bbox 177 1262 1376 1351; baseline 0.002 -22"><span class='ocrx_word' id='word_1_64' title='bbox 177 1262 328 1332; x_wconf 89' lang='lat' dir='ltr'>servitus</span> <span class='ocrx_word' id='word_1_65' title='bbox 361 1266 538 1333; x_wconf 87' lang='lat' dir='ltr'>amittitur.</span> <span class='ocrx_word' id='word_1_66' title='bbox 575 1266 730 1351; x_wconf 74' lang='lat' dir='ltr'>Tempus,</span> <span class='ocrx_word' id='word_1_67' title='bbox 763 1285 829 1348; x_wconf 92' lang='lat' dir='ltr'>quo</span> <span class='ocrx_word' id='word_1_68' title='bbox 861 1286 928 1335; x_wconf 93' lang='lat' dir='ltr'>non</span> <span class='ocrx_word' id='word_1_69' title='bbox 963 1273 1014 1336; x_wconf 90' lang='grc'>111</span> <span class='ocrx_word' id='word_1_70' title='bbox 1052 1286 1132 1334; x_wconf 89' lang='lat' dir='ltr'>usus</span> <span class='ocrx_word' id='word_1_71' title='bbox 1171 1267 1376 1349; x_wconf 88' lang='lat' dir='ltr'>praecedens</span> 
     </span>
     <span class='ocr_line' id='line_1_10' title="bbox 174 1367 1378 1455; baseline 0 -19"><span class='ocrx_word' id='word_1_72' title='bbox 174 1367 274 1436; x_wconf 88' lang='lat' dir='ltr'>fundi</span> <span class='ocrx_word' id='word_1_73' title='bbox 297 1370 458 1454; x_wconf 92' lang='lat' dir='ltr'>dominns,</span> <span class='ocrx_word' id='word_1_74' title='bbox 482 1370 536 1436; x_wconf 90' lang='lat' dir='ltr'>cui</span> <span class='ocrx_word' id='word_1_75' title='bbox 559 1370 707 1438; x_wconf 87' lang='lat' dir='ltr'>servitus</span> <span class='ocrx_word' id='word_1_76' title='bbox 730 1372 881 1455; x_wconf 88' lang='lat' dir='ltr'>debetur,</span> <span class='ocrx_word' id='word_1_77' title='bbox 904 1371 1091 1453; x_wconf 87' lang='lat' dir='ltr'>imputatur</span> <span class='ocrx_word' id='word_1_78' title='bbox 1113 1372 1154 1453; x_wconf 90' lang='lat' dir='ltr'>ei,</span> <span class='ocrx_word' id='word_1_79' title='bbox 1177 1370 1235 1451; x_wconf 91' lang='lat' dir='ltr'>qui</span> <span class='ocrx_word' id='word_1_80' title='bbox 1255 1370 1290 1437; x_wconf 93' lang='lat' dir='ltr'>in</span> <span class='ocrx_word' id='word_1_81' title='bbox 1306 1369 1378 1454; x_wconf 77' lang='lat' dir='ltr'>eJus</span> 
     </span>
     <span class='ocr_line' id='line_1_11' title="bbox 174 1473 1379 1560; baseline 0.001 -20"><span class='ocrx_word' id='word_1_82' title='bbox 174 1473 251 1541; x_wconf 86' lang='lat' dir='ltr'>loco</span> <span class='ocrx_word' id='word_1_83' title='bbox 267 1475 443 1541; x_wconf 90' lang='lat' dir='ltr'>successit.</span> <span class='ocrx_word' id='word_1_84' title='bbox 458 1474 495 1540; x_wconf 87' lang='lat' dir='ltr'>Si</span> <span class='ocrx_word' id='word_1_85' title='bbox 510 1494 585 1541; x_wconf 94' lang='lat' dir='ltr'>cum</span> <span class='ocrx_word' id='word_1_86' title='bbox 597 1474 652 1557; x_wconf 82' lang='lat' dir='ltr'>jus</span> <span class='ocrx_word' id='word_1_87' title='bbox 669 1477 772 1542; x_wconf 89' lang='lat' dir='ltr'>habes</span> <span class='ocrx_word' id='word_1_88' title='bbox 789 1475 993 1543; x_wconf 89' lang='lat' dir='ltr'>immittendi</span> <span class='ocrx_word' id='word_1_89' title='bbox 1007 1475 1146 1560; x_wconf 83' lang='lat' dir='ltr'>tignum,</span> <span class='ocrx_word' id='word_1_90' title='bbox 1162 1475 1292 1543; x_wconf 90' lang='lat' dir='ltr'>vicinus</span> <span class='ocrx_word' id='word_1_91' title='bbox 1309 1480 1379 1541; x_wconf 87' lang='lat' dir='ltr'>sta·</span> 
     </span>
     <span class='ocr_line' id='line_1_12' title="bbox 173 1579 1378 1664; baseline 0.002 -21"><span class='ocrx_word' id='word_1_92' title='bbox 173 1583 252 1645; x_wconf 87' lang='lat' dir='ltr'>tuto</span> <span class='ocrx_word' id='word_1_93' title='bbox 279 1583 429 1662; x_wconf 91' lang='lat' dir='ltr'>tempore</span> <span class='ocrx_word' id='word_1_94' title='bbox 452 1579 664 1647; x_wconf 90' lang='lat' dir='ltr'>aedificatum</span> <span class='ocrx_word' id='word_1_95' title='bbox 689 1598 755 1646; x_wconf 92' lang='lat' dir='ltr'>non</span> <span class='ocrx_word' id='word_1_96' title='bbox 777 1580 906 1664; x_wconf 83' lang='lat' dir='ltr'>habuit,</span> <span class='ocrx_word' id='word_1_97' title='bbox 934 1582 1073 1662; x_wconf 91' lang='lat' dir='ltr'>ideoque</span> <span class='ocrx_word' id='word_1_98' title='bbox 1105 1598 1168 1647; x_wconf 90' lang='lat' dir='ltr'>nec</span> <span class='ocrx_word' id='word_1_99' title='bbox 1198 1579 1378 1647; x_wconf 86' lang='lat' dir='ltr'>immittere</span> 
     </span>
     <span class='ocr_line' id='line_1_13' title="bbox 176 1684 1466 1771; baseline -0.002 -21"><span class='ocrx_word' id='word_1_100' title='bbox 176 1684 321 1765; x_wconf 89' lang='lat' dir='ltr'>poteris:</span> <span class='ocrx_word' id='word_1_101' title='bbox 347 1703 414 1751; x_wconf 94' lang='lat' dir='ltr'>non</span> <span class='ocrx_word' id='word_1_102' title='bbox 437 1684 512 1751; x_wconf 90' lang='lat' dir='ltr'>ideo</span> <span class='ocrx_word' id='word_1_103' title='bbox 535 1684 643 1768; x_wconf 82' lang='lat' dir='ltr'>magis</span> <span class='ocrx_word' id='word_1_104' title='bbox 667 1684 868 1753; x_wconf 87' lang='lat' dir='ltr'>servitutem</span> <span class='ocrx_word' id='word_1_105' title='bbox 891 1685 1039 1771; x_wconf 85' lang='lat' dir='ltr'>amittes,</span> <span class='ocrx_word' id='word_1_106' title='bbox 1062 1685 1140 1765; x_wconf 90' lang='lat' dir='ltr'>quia</span> <span class='ocrx_word' id='word_1_107' title='bbox 1170 1702 1236 1750; x_wconf 93' lang='lat' dir='ltr'>non</span> <span class='ocrx_word' id='word_1_108' title='bbox 1266 1686 1379 1765; x_wconf 91' lang='lat' dir='ltr'>potest</span> <span class='ocrx_word' id='word_1_109' title='bbox 1460 1730 1466 1740; x_wconf 80' lang='lat'>.</span> 
     </span>
     <span class='ocr_line' id='line_1_14' title="bbox 178 1788 1378 1872; baseline -0.004 -16"><span class='ocrx_word' id='word_1_110' title='bbox 178 1788 291 1856; x_wconf 88' lang='lat' dir='ltr'>videri</span> <span class='ocrx_word' id='word_1_111' title='bbox 325 1788 521 1872; x_wconf 89' lang='lat' dir='ltr'>usucepissc</span> <span class='ocrx_word' id='word_1_112' title='bbox 557 1788 688 1855; x_wconf 90' lang='lat' dir='ltr'>vicinus</span> <span class='ocrx_word' id='word_1_113' title='bbox 730 1807 810 1855; x_wconf 90' lang='lat' dir='ltr'>suus</span> <span class='ocrx_word' id='word_1_114' title='bbox 844 1788 1037 1856; x_wconf 87' lang='lat' dir='ltr'>libertatem</span> <span class='ocrx_word' id='word_1_115' title='bbox 1072 1788 1201 1856; x_wconf 83' lang='lat' dir='ltr'>aedium</span> <span class='ocrx_word' id='word_1_116' title='bbox 1236 1804 1378 1870; x_wconf 89' lang='lat' dir='ltr'>suarum,</span> 
     </span>
     <span class='ocr_line' id='line_1_15' title="bbox 170 1892 1377 1977; baseline -0.001 -19"><span class='ocrx_word' id='word_1_117' title='bbox 170 1892 254 1973; x_wconf 89' lang='lat' dir='ltr'>quia</span> <span class='ocrx_word' id='word_1_118' title='bbox 281 1894 338 1977; x_wconf 68' lang='grc'>111</span> <span class='ocrx_word' id='word_1_119' title='bbox 367 1897 460 1959; x_wconf 91' lang='lat' dir='ltr'>tuum</span> <span class='ocrx_word' id='word_1_120' title='bbox 491 1911 556 1959; x_wconf 93' lang='lat' dir='ltr'>non</span> <span class='ocrx_word' id='word_1_121' title='bbox 583 1892 824 1975; x_wconf 87' lang='lat' dir='ltr'>interpellavit,</span> <span class='ocrx_word' id='word_1_122' title='bbox 855 1911 900 1959; x_wconf 90' lang='lat' dir='ltr'>sc.</span> <span class='ocrx_word' id='word_1_123' title='bbox 923 1893 1138 1961; x_wconf 89' lang='lat' dir='ltr'>aedificando.</span> <span class='ocrx_word' id='word_1_124' title='bbox 1170 1892 1217 1958; x_wconf 85' lang='lat' dir='ltr'>Et</span> <span class='ocrx_word' id='word_1_125' title='bbox 1239 1894 1301 1958; x_wconf 94' lang='lat' dir='ltr'>hoc</span> <span class='ocrx_word' id='word_1_126' title='bbox 1323 1896 1377 1959; x_wconf 91' lang='lat' dir='ltr'>est</span> 
     </span>
     <span class='ocr_line' id='line_1_16' title="bbox 172 1995 1375 2078; baseline -0.002 -15"><span class='ocrx_word' id='word_1_127' title='bbox 172 1998 368 2064; x_wconf 82' lang='lat' dir='ltr'>necessarie</span> <span class='ocrx_word' id='word_1_128' title='bbox 390 1998 426 2063; x_wconf 91' lang='lat' dir='ltr'>in</span> <span class='ocrx_word' id='word_1_129' title='bbox 448 1997 585 2064; x_wconf 91' lang='lat' dir='ltr'>urbanis</span> <span class='ocrx_word' id='word_1_130' title='bbox 608 1997 849 2078; x_wconf 81' lang='lat' dir='ltr'>servitutibus3</span> <span class='ocrx_word' id='word_1_131' title='bbox 870 1999 939 2064; x_wconf 88' lang='lat' dir='ltr'>sed</span> <span class='ocrx_word' id='word_1_132' title='bbox 970 2016 1068 2065; x_wconf 86' lang='lat' dir='ltr'>secus</span> <span class='ocrx_word' id='word_1_133' title='bbox 1091 1998 1126 2064; x_wconf 93' lang='lat' dir='ltr'>in</span> <span class='ocrx_word' id='word_1_134' title='bbox 1148 1995 1295 2078; x_wconf 73' lang='lat' dir='ltr'>rusticiu,</span> <span class='ocrx_word' id='word_1_135' title='bbox 1318 1995 1375 2061; x_wconf 90' lang='lat' dir='ltr'>ubi</span> 
     </span>
     <span class='ocr_line' id='line_1_17' title="bbox 171 2101 790 2185; baseline 0 -18"><span class='ocrx_word' id='word_1_136' title='bbox 171 2101 305 2167; x_wconf 86' lang='lat' dir='ltr'>sufficit</span> <span class='ocrx_word' id='word_1_137' title='bbox 327 2102 440 2185; x_wconf 90' lang='lat' dir='ltr'>solum,</span> <span class='ocrx_word' id='word_1_138' title='bbox 464 2103 553 2181; x_wconf 91' lang='lat' dir='ltr'>quod</span> <span class='ocrx_word' id='word_1_139' title='bbox 575 2120 642 2168; x_wconf 95' lang='lat' dir='ltr'>non</span> <span class='ocrx_word' id='word_1_140' title='bbox 665 2106 790 2167; x_wconf 84' lang='lat' dir='ltr'>utatur.</span> 
     </span>
    </p>

    <p class='ocr_par' dir='ltr' id='par_1_3' title="bbox 163 2202 1376 3211">
     <span class='ocr_line' id='line_1_18' title="bbox 279 2202 1373 2289; baseline -0.002 -18"><span class='ocrx_word' id='word_1_141' title='bbox 279 2205 351 2271; x_wconf 88' lang='lat' dir='ltr'>Usu</span> <span class='ocrx_word' id='word_1_142' title='bbox 367 2206 536 2272; x_wconf 86' lang='lat' dir='ltr'>retinetur</span> <span class='ocrx_word' id='word_1_143' title='bbox 550 2206 708 2289; x_wconf 75' lang='lat' dir='ltr'>servitur,</span> <span class='ocrx_word' id='word_1_144' title='bbox 724 2226 797 2273; x_wconf 91' lang='lat' dir='ltr'>cum</span> <span class='ocrx_word' id='word_1_145' title='bbox 808 2206 891 2289; x_wconf 90' lang='lat' dir='ltr'>ipse,</span> <span class='ocrx_word' id='word_1_146' title='bbox 902 2207 957 2273; x_wconf 91' lang='lat' dir='ltr'>cui</span> <span class='ocrx_word' id='word_1_147' title='bbox 974 2208 1124 2288; x_wconf 88' lang='lat' dir='ltr'>debetur,</span> <span class='ocrx_word' id='word_1_148' title='bbox 1140 2204 1256 2281; x_wconf 88' lang='lat' dir='ltr'>utitur,</span> <span class='ocrx_word' id='word_1_149' title='bbox 1273 2202 1373 2283; x_wconf 89' lang='lat' dir='ltr'>quive</span> 
     </span>
     <span class='ocr_line' id='line_1_19' title="bbox 167 2308 1372 2393; baseline -0.002 -18"><span class='ocrx_word' id='word_1_150' title='bbox 167 2310 205 2375; x_wconf 87' lang='lat' dir='ltr'>in</span> <span class='ocrx_word' id='word_1_151' title='bbox 231 2310 443 2391; x_wconf 86' lang='lat' dir='ltr'>possessione</span> <span class='ocrx_word' id='word_1_152' title='bbox 466 2308 537 2391; x_wconf 82' lang='lat' dir='ltr'>ejus</span> <span class='ocrx_word' id='word_1_153' title='bbox 560 2309 692 2376; x_wconf 93' lang='lat' dir='ltr'>nomine</span> <span class='ocrx_word' id='word_1_154' title='bbox 721 2316 783 2393; x_wconf 91' lang='lat' dir='ltr'>est,</span> <span class='ocrx_word' id='word_1_155' title='bbox 806 2317 867 2377; x_wconf 90' lang='lat' dir='ltr'>aut</span> <span class='ocrx_word' id='word_1_156' title='bbox 894 2310 1130 2393; x_wconf 72' lang='lat' dir='ltr'>mercenarius</span> <span class='ocrx_word' id='word_1_157' title='bbox 1159 2309 1372 2391; x_wconf 82' lang='lat' dir='ltr'>aut-nospes,</span> 
     </span>
     <span class='ocr_line' id='line_1_20' title="bbox 167 2411 1374 2498; baseline -0.002 -19"><span class='ocrx_word' id='word_1_158' title='bbox 167 2420 234 2480; x_wconf 88' lang='lat' dir='ltr'>aut</span> <span class='ocrx_word' id='word_1_159' title='bbox 271 2412 477 2497; x_wconf 86' lang='lat' dir='ltr'>quicumque,</span> <span class='ocrx_word' id='word_1_160' title='bbox 519 2414 601 2481; x_wconf 90' lang='lat' dir='ltr'>licet</span> <span class='ocrx_word' id='word_1_161' title='bbox 637 2414 743 2481; x_wconf 91' lang='lat' dir='ltr'>malae</span> <span class='ocrx_word' id='word_1_162' title='bbox 782 2414 861 2482; x_wconf 88' lang='lat' dir='ltr'>fidei</span> <span class='ocrx_word' id='word_1_163' title='bbox 899 2414 944 2482; x_wconf 89' lang='lat' dir='ltr'>sit</span> <span class='ocrx_word' id='word_1_164' title='bbox 980 2431 1163 2498; x_wconf 86' lang='lat' dir='ltr'>possessor,</span> <span class='ocrx_word' id='word_1_165' title='bbox 1207 2411 1374 2479; x_wconf 88' lang='lat' dir='ltr'>retinetur</span> 
     </span>
     <span class='ocr_line' id='line_1_21' title="bbox 167 2516 1372 2600; baseline -0.002 -15"><span class='ocrx_word' id='word_1_166' title='bbox 167 2518 338 2600; x_wconf 83' lang='lat' dir='ltr'>servitus3</span> <span class='ocrx_word' id='word_1_167' title='bbox 363 2519 406 2584; x_wconf 92' lang='lat' dir='ltr'>ad</span> <span class='ocrx_word' id='word_1_168' title='bbox 427 2536 500 2584; x_wconf 89' lang='lat' dir='ltr'>eam</span> <span class='ocrx_word' id='word_1_169' title='bbox 519 2523 632 2586; x_wconf 90' lang='lat' dir='ltr'>autem</span> <span class='ocrx_word' id='word_1_170' title='bbox 648 2519 884 2599; x_wconf 87' lang='lat' dir='ltr'>acquirendam</span> <span class='ocrx_word' id='word_1_171' title='bbox 899 2522 988 2587; x_wconf 91' lang='lat' dir='ltr'>bona</span> <span class='ocrx_word' id='word_1_172' title='bbox 1003 2518 1086 2585; x_wconf 89' lang='lat' dir='ltr'>fides</span> <span class='ocrx_word' id='word_1_173' title='bbox 1102 2522 1156 2584; x_wconf 89' lang='lat' dir='ltr'>est</span> <span class='ocrx_word' id='word_1_174' title='bbox 1172 2516 1372 2584; x_wconf 87' lang='lat' dir='ltr'>necessaria.</span> 
     </span>
     <span class='ocr_line' id='line_1_22' title="bbox 169 2620 1374 2709; baseline 0 -20"><span class='ocrx_word' id='word_1_175' title='bbox 169 2622 208 2690; x_wconf 82' lang='lat' dir='ltr'>Si</span> <span class='ocrx_word' id='word_1_176' title='bbox 242 2627 372 2704; x_wconf 85' lang='lat' dir='ltr'>partem</span> <span class='ocrx_word' id='word_1_177' title='bbox 405 2620 501 2688; x_wconf 85' lang='lat' dir='ltr'>fundi</span> <span class='ocrx_word' id='word_1_178' title='bbox 534 2625 654 2706; x_wconf 90' lang='lat' dir='ltr'>vendo,</span> <span class='ocrx_word' id='word_1_179' title='bbox 685 2623 762 2709; x_wconf 87' lang='lat' dir='ltr'>lege</span> <span class='ocrx_word' id='word_1_180' title='bbox 796 2623 954 2706; x_wconf 83' lang='lat' dir='ltr'>caverim,</span> <span class='ocrx_word' id='word_1_181' title='bbox 981 2629 1020 2690; x_wconf 90' lang='lat' dir='ltr'>ut</span> <span class='ocrx_word' id='word_1_182' title='bbox 1051 2641 1113 2706; x_wconf 90' lang='lat' dir='ltr'>per</span> <span class='ocrx_word' id='word_1_183' title='bbox 1142 2641 1213 2689; x_wconf 90' lang='lat' dir='ltr'>eam</span> <span class='ocrx_word' id='word_1_184' title='bbox 1243 2625 1374 2703; x_wconf 90' lang='lat' dir='ltr'>partem</span> 
     </span>
     <span class='ocr_line' id='line_1_23' title="bbox 167 2726 1373 2810; baseline -0.002 -17"><span class='ocrx_word' id='word_1_185' title='bbox 167 2731 209 2793; x_wconf 89' lang='lat' dir='ltr'>at</span> <span class='ocrx_word' id='word_1_186' title='bbox 243 2726 405 2808; x_wconf 90' lang='lat' dir='ltr'>reliquum</span> <span class='ocrx_word' id='word_1_187' title='bbox 440 2744 548 2792; x_wconf 90' lang='lat' dir='ltr'>meum</span> <span class='ocrx_word' id='word_1_188' title='bbox 581 2727 718 2793; x_wconf 84' lang='lat' dir='ltr'>fundum</span> <span class='ocrx_word' id='word_1_189' title='bbox 752 2746 873 2808; x_wconf 87' lang='lat' dir='ltr'>aquam</span> <span class='ocrx_word' id='word_1_190' title='bbox 907 2730 1028 2794; x_wconf 90' lang='lat' dir='ltr'>ducere</span> <span class='ocrx_word' id='word_1_191' title='bbox 1063 2727 1195 2810; x_wconf 91' lang='lat' dir='ltr'>possim,</span> <span class='ocrx_word' id='word_1_192' title='bbox 1237 2731 1272 2792; x_wconf 90' lang='lat' dir='ltr'>et</span> <span class='ocrx_word' id='word_1_193' title='bbox 1305 2729 1373 2791; x_wconf 88' lang='lat' dir='ltr'>sta-</span> 
     </span>
     <span class='ocr_line' id='line_1_24' title="bbox 172 2830 1376 2915; baseline -0.001 -17"><span class='ocrx_word' id='word_1_194' title='bbox 172 2836 288 2898; x_wconf 89' lang='lat' dir='ltr'>tutum</span> <span class='ocrx_word' id='word_1_195' title='bbox 318 2836 450 2913; x_wconf 89' lang='lat' dir='ltr'>tempus</span> <span class='ocrx_word' id='word_1_196' title='bbox 480 2832 723 2915; x_wconf 89' lang='lat' dir='ltr'>intercesserit,</span> <span class='ocrx_word' id='word_1_197' title='bbox 754 2838 934 2912; x_wconf 85' lang='lat' dir='ltr'>antequam</span> <span class='ocrx_word' id='word_1_198' title='bbox 964 2832 1071 2898; x_wconf 91' lang='lat' dir='ltr'>rivum</span> <span class='ocrx_word' id='word_1_199' title='bbox 1104 2832 1257 2914; x_wconf 89' lang='lat' dir='ltr'>facerem,</span> <span class='ocrx_word' id='word_1_200' title='bbox 1290 2830 1376 2897; x_wconf 89' lang='lat' dir='ltr'>nihil</span> 
     </span>
     <span class='ocr_line' id='line_1_25' title="bbox 163 2935 1373 3020; baseline -0.003 -17"><span class='ocrx_word' id='word_1_201' title='bbox 163 2935 256 3020; x_wconf 89' lang='lat' dir='ltr'>juris</span> <span class='ocrx_word' id='word_1_202' title='bbox 301 2936 429 3019; x_wconf 91' lang='lat' dir='ltr'>amitto,</span> <span class='ocrx_word' id='word_1_203' title='bbox 474 2955 548 3003; x_wconf 90' lang='lat' dir='ltr'>cum</span> <span class='ocrx_word' id='word_1_204' title='bbox 592 2936 717 3002; x_wconf 93' lang='lat' dir='ltr'>nullum</span> <span class='ocrx_word' id='word_1_205' title='bbox 761 2936 829 3003; x_wconf 90' lang='lat' dir='ltr'>iter</span> <span class='ocrx_word' id='word_1_206' title='bbox 868 2954 974 3017; x_wconf 90' lang='lat' dir='ltr'>aquae</span> <span class='ocrx_word' id='word_1_207' title='bbox 1015 2936 1127 3019; x_wconf 87' lang='lat' dir='ltr'>fuerit,</span> <span class='ocrx_word' id='word_1_208' title='bbox 1163 2937 1222 3001; x_wconf 88' lang='lat' dir='ltr'>sed</span> <span class='ocrx_word' id='word_1_209' title='bbox 1260 2937 1373 3000; x_wconf 89' lang='lat' dir='ltr'>manet</span> 
     </span>
     <span class='ocr_line' id='line_1_26' title="bbox 170 3038 1372 3124; baseline -0.003 -17"><span class='ocrx_word' id='word_1_210' title='bbox 170 3038 255 3107; x_wconf 91' lang='lat' dir='ltr'>mihi</span> <span class='ocrx_word' id='word_1_211' title='bbox 278 3038 335 3121; x_wconf 71' lang='grc'>111</span> <span class='ocrx_word' id='word_1_212' title='bbox 365 3040 541 3123; x_wconf 82' lang='lat' dir='ltr'>integrum.</span> <span class='ocrx_word' id='word_1_213' title='bbox 568 3039 662 3124; x_wconf 83' lang='lat' dir='ltr'>Quod</span> <span class='ocrx_word' id='word_1_214' title='bbox 684 3039 714 3105; x_wconf 89' lang='lat' dir='ltr'>si</span> <span class='ocrx_word' id='word_1_215' title='bbox 737 3039 892 3107; x_wconf 83' lang='lat' dir='ltr'>fecissem</span> <span class='ocrx_word' id='word_1_216' title='bbox 915 3040 989 3121; x_wconf 88' lang='lat' dir='ltr'>iter,</span> <span class='ocrx_word' id='word_1_217' title='bbox 1019 3057 1128 3120; x_wconf 90' lang='lat' dir='ltr'>neque</span> <span class='ocrx_word' id='word_1_218' title='bbox 1150 3056 1231 3105; x_wconf 91' lang='lat' dir='ltr'>usus</span> <span class='ocrx_word' id='word_1_219' title='bbox 1255 3056 1372 3122; x_wconf 91' lang='lat' dir='ltr'>essem,</span> 
     </span>
     <span class='ocr_line' id='line_1_27' title="bbox 168 3144 334 3211; baseline 0.012 -2"><span class='ocrx_word' id='word_1_220' title='bbox 168 3144 334 3211; x_wconf 87' lang='lat' dir='ltr'>amittam.</span> 
     </span>
    </p>

    <p class='ocr_par' dir='ltr' id='par_1_4' title="bbox 116 3246 1371 4373">
     <span class='ocr_line' id='line_1_28' title="bbox 278 3246 1371 3333; baseline 0 -18"><span class='ocrx_word' id='word_1_221' title='bbox 278 3249 390 3315; x_wconf 89' lang='lat' dir='ltr'>Nota</span> <span class='ocrx_word' id='word_1_222' title='bbox 420 3248 464 3315; x_wconf 88' lang='lat' dir='ltr'>in</span> <span class='ocrx_word' id='word_1_223' title='bbox 495 3266 659 3331; x_wconf 90' lang='lat' dir='ltr'>summa,</span> <span class='ocrx_word' id='word_1_224' title='bbox 692 3250 779 3329; x_wconf 91' lang='lat' dir='ltr'>quod</span> <span class='ocrx_word' id='word_1_225' title='bbox 807 3249 886 3333; x_wconf 89' lang='lat' dir='ltr'>jura</span> <span class='ocrx_word' id='word_1_226' title='bbox 918 3246 1094 3315; x_wconf 85' lang='lat' dir='ltr'>servitutis</span> <span class='ocrx_word' id='word_1_227' title='bbox 1126 3246 1238 3314; x_wconf 89' lang='lat' dir='ltr'>multis</span> <span class='ocrx_word' id='word_1_228' title='bbox 1265 3247 1371 3315; x_wconf 87' lang='lat' dir='ltr'>modis</span> 
     </span>
     <span class='ocr_line' id='line_1_29' title="bbox 116 3350 1371 3436; baseline 0.001 -19"><span class='ocrx_word' id='word_1_229' title='bbox 116 3390 120 3395; x_wconf 93' lang='lat'>·</span> <span class='ocrx_word' id='word_1_230' title='bbox 168 3353 389 3436; x_wconf 65' lang='lat' dir='ltr'>amittentem</span> <span class='ocrx_word' id='word_1_231' title='bbox 411 3352 589 3435; x_wconf 90' lang='lat' dir='ltr'>aliquando</span> <span class='ocrx_word' id='word_1_232' title='bbox 613 3352 701 3418; x_wconf 93' lang='lat' dir='ltr'>enim</span> <span class='ocrx_word' id='word_1_233' title='bbox 723 3351 919 3419; x_wconf 84' lang='lat' dir='ltr'>confusione</span> <span class='ocrx_word' id='word_1_234' title='bbox 941 3350 1163 3433; x_wconf 90' lang='lat' dir='ltr'>praediorum,</span> <span class='ocrx_word' id='word_1_235' title='bbox 1193 3352 1371 3432; x_wconf 89' lang='lat' dir='ltr'>aliquando</span> 
     </span>
     <span class='ocr_line' id='line_1_30' title="bbox 172 3455 1370 3546; baseline 0.001 -24"><span class='ocrx_word' id='word_1_236' title='bbox 172 3457 221 3523; x_wconf 89' lang='lat' dir='ltr'>rei</span> <span class='ocrx_word' id='word_1_237' title='bbox 245 3457 427 3524; x_wconf 89' lang='lat' dir='ltr'>servientis</span> <span class='ocrx_word' id='word_1_238' title='bbox 451 3456 595 3539; x_wconf 86' lang='lat' dir='ltr'>defectu,</span> <span class='ocrx_word' id='word_1_239' title='bbox 618 3455 801 3546; x_wconf 87' lang='lat' dir='ltr'>aliquando</span> <span class='ocrx_word' id='word_1_240' title='bbox 823 3456 1040 3538; x_wconf 89' lang='lat' dir='ltr'>permissione</span> <span class='ocrx_word' id='word_1_241' title='bbox 1071 3462 1168 3523; x_wconf 90' lang='lat' dir='ltr'>actus</span> <span class='ocrx_word' id='word_1_242' title='bbox 1198 3456 1370 3538; x_wconf 88' lang='lat' dir='ltr'>contrarii,</span> 
     </span>
     <span class='ocr_line' id='line_1_31' title="bbox 170 3560 1370 3643; baseline -0.002 -16"><span class='ocrx_word' id='word_1_243' title='bbox 170 3560 351 3641; x_wconf 88' lang='lat' dir='ltr'>aliquando</span> <span class='ocrx_word' id='word_1_244' title='bbox 375 3578 435 3642; x_wconf 92' lang='lat' dir='ltr'>per</span> <span class='ocrx_word' id='word_1_245' title='bbox 457 3560 692 3627; x_wconf 91' lang='lat' dir='ltr'>alienationem</span> <span class='ocrx_word' id='word_1_246' title='bbox 720 3560 780 3643; x_wconf 88' lang='lat' dir='ltr'>rei,</span> <span class='ocrx_word' id='word_1_247' title='bbox 810 3560 893 3627; x_wconf 90' lang='lat' dir='ltr'>item</span> <span class='ocrx_word' id='word_1_248' title='bbox 923 3561 973 3627; x_wconf 90' lang='lat' dir='ltr'>rei</span> <span class='ocrx_word' id='word_1_249' title='bbox 999 3561 1149 3643; x_wconf 89' lang='lat' dir='ltr'>interitu,</span> <span class='ocrx_word' id='word_1_250' title='bbox 1179 3562 1260 3627; x_wconf 90' lang='lat' dir='ltr'>item</span> <span class='ocrx_word' id='word_1_251' title='bbox 1289 3578 1370 3628; x_wconf 91' lang='lat' dir='ltr'>non·</span> 
     </span>
     <span class='ocr_line' id='line_1_32' title="bbox 171 3664 1368 3750; baseline -0.001 -19"><span class='ocrx_word' id='word_1_252' title='bbox 171 3666 307 3749; x_wconf 88' lang='lat' dir='ltr'>utendo,</span> <span class='ocrx_word' id='word_1_253' title='bbox 329 3668 366 3731; x_wconf 91' lang='lat' dir='ltr'>et</span> <span class='ocrx_word' id='word_1_254' title='bbox 387 3665 451 3731; x_wconf 90' lang='lat' dir='ltr'>hoc</span> <span class='ocrx_word' id='word_1_255' title='bbox 466 3664 720 3748; x_wconf 86' lang='lat' dir='ltr'>multipliciter:</span> <span class='ocrx_word' id='word_1_256' title='bbox 744 3665 814 3730; x_wconf 87' lang='lat' dir='ltr'>Aut</span> <span class='ocrx_word' id='word_1_257' title='bbox 838 3665 924 3731; x_wconf 92' lang='lat' dir='ltr'>enim</span> <span class='ocrx_word' id='word_1_258' title='bbox 940 3667 1147 3732; x_wconf 90' lang='lat' dir='ltr'>non-utendo</span> <span class='ocrx_word' id='word_1_259' title='bbox 1163 3664 1368 3750; x_wconf 88' lang='lat' dir='ltr'>simpliciter,</span> 
     </span>
     <span class='ocr_line' id='line_1_33' title="bbox 171 3768 1368 3852; baseline 0 -17"><span class='ocrx_word' id='word_1_260' title='bbox 171 3776 231 3835; x_wconf 88' lang='grc'>111</span> <span class='ocrx_word' id='word_1_261' title='bbox 261 3768 363 3835; x_wconf 87' lang='lat' dir='ltr'>enim=</span> <span class='ocrx_word' id='word_1_262' title='bbox 379 3772 585 3835; x_wconf 91' lang='lat' dir='ltr'>non-utendo</span> <span class='ocrx_word' id='word_1_263' title='bbox 617 3770 797 3835; x_wconf 91' lang='lat' dir='ltr'>secondum</span> <span class='ocrx_word' id='word_1_264' title='bbox 831 3774 963 3849; x_wconf 90' lang='lat' dir='ltr'>tempus</span> <span class='ocrx_word' id='word_1_265' title='bbox 998 3772 1171 3852; x_wconf 89' lang='lat' dir='ltr'>statutum,</span> <span class='ocrx_word' id='word_1_266' title='bbox 1201 3773 1260 3835; x_wconf 90' lang='lat' dir='ltr'>aut</span> <span class='ocrx_word' id='word_1_267' title='bbox 1288 3787 1368 3835; x_wconf 91' lang='lat' dir='ltr'>non·</span> 
     </span>
     <span class='ocr_line' id='line_1_34' title="bbox 169 3870 1367 3956; baseline -0.002 -16"><span class='ocrx_word' id='word_1_268' title='bbox 169 3874 292 3940; x_wconf 89' lang='lat' dir='ltr'>utendo</span> <span class='ocrx_word' id='word_1_269' title='bbox 331 3875 512 3940; x_wconf 89' lang='lat' dir='ltr'>secundnm</span> <span class='ocrx_word' id='word_1_270' title='bbox 549 3873 783 3956; x_wconf 87' lang='lat' dir='ltr'>quantitatem,</span> <span class='ocrx_word' id='word_1_271' title='bbox 819 3874 880 3940; x_wconf 89' lang='lat' dir='ltr'>sed</span> <span class='ocrx_word' id='word_1_272' title='bbox 918 3890 983 3939; x_wconf 92' lang='lat' dir='ltr'>non</span> <span class='ocrx_word' id='word_1_273' title='bbox 1017 3890 1078 3953; x_wconf 90' lang='lat' dir='ltr'>per</span> <span class='ocrx_word' id='word_1_274' title='bbox 1112 3891 1158 3956; x_wconf 90' lang='grc'>11,</span> <span class='ocrx_word' id='word_1_275' title='bbox 1192 3870 1258 3937; x_wconf 90' lang='lat' dir='ltr'>nisi</span> <span class='ocrx_word' id='word_1_276' title='bbox 1292 3889 1367 3938; x_wconf 93' lang='lat' dir='ltr'>cum</span> 
     </span>
     <span class='ocr_line' id='line_1_35' title="bbox 170 3975 1369 4060; baseline 0.001 -18"><span class='ocrx_word' id='word_1_277' title='bbox 170 3976 394 4059; x_wconf 85' lang='lat' dir='ltr'>prohibitione</span> <span class='ocrx_word' id='word_1_278' title='bbox 439 3976 706 4060; x_wconf 88' lang='lat' dir='ltr'>superveniente,</span> <span class='ocrx_word' id='word_1_279' title='bbox 750 3982 811 4043; x_wconf 88' lang='lat' dir='ltr'>aut</span> <span class='ocrx_word' id='word_1_280' title='bbox 855 3975 1059 4043; x_wconf 91' lang='lat' dir='ltr'>non-utendo</span> <span class='ocrx_word' id='word_1_281' title='bbox 1098 3976 1278 4043; x_wconf 88' lang='lat' dir='ltr'>secundum</span> <span class='ocrx_word' id='word_1_282' title='bbox 1316 3975 1369 4043; x_wconf 91' lang='lat' dir='ltr'>rei</span> 
     </span>
     <span class='ocr_line' id='line_1_36' title="bbox 167 4079 1366 4165; baseline -0.003 -17"><span class='ocrx_word' id='word_1_283' title='bbox 167 4080 396 4163; x_wconf 81' lang='lat' dir='ltr'>existentiam,</span> <span class='ocrx_word' id='word_1_284' title='bbox 419 4082 479 4148; x_wconf 90' lang='lat' dir='ltr'>sed</span> <span class='ocrx_word' id='word_1_285' title='bbox 502 4083 625 4148; x_wconf 89' lang='lat' dir='ltr'>utendo</span> <span class='ocrx_word' id='word_1_286' title='bbox 648 4097 715 4148; x_wconf 91' lang='lat' dir='ltr'>una</span> <span class='ocrx_word' id='word_1_287' title='bbox 745 4099 805 4163; x_wconf 92' lang='lat' dir='ltr'>pro</span> <span class='ocrx_word' id='word_1_288' title='bbox 837 4080 913 4165; x_wconf 90' lang='lat' dir='ltr'>alia,</span> <span class='ocrx_word' id='word_1_289' title='bbox 943 4085 1003 4146; x_wconf 91' lang='lat' dir='ltr'>aut</span> <span class='ocrx_word' id='word_1_290' title='bbox 1035 4082 1241 4147; x_wconf 90' lang='lat' dir='ltr'>non-utendo</span> <span class='ocrx_word' id='word_1_291' title='bbox 1274 4079 1366 4163; x_wconf 85' lang='lat' dir='ltr'>igno·</span> 
     </span>
     <span class='ocr_line' id='line_1_37' title="bbox 169 4182 1367 4268; baseline -0.001 -17"><span class='ocrx_word' id='word_1_292' title='bbox 169 4184 282 4251; x_wconf 81' lang='lat' dir='ltr'>rantis</span> <span class='ocrx_word' id='word_1_293' title='bbox 311 4182 582 4267; x_wconf 88' lang='lat' dir='ltr'>superveniente.</span> <span class='ocrx_word' id='word_1_294' title='bbox 613 4183 660 4251; x_wconf 76' lang='lat' dir='ltr'>nt</span> <span class='ocrx_word' id='word_1_295' title='bbox 684 4183 836 4268; x_wconf 87' lang='lat' dir='ltr'>exempla</span> <span class='ocrx_word' id='word_1_296' title='bbox 858 4183 998 4251; x_wconf 90' lang='lat' dir='ltr'>istorum</span> <span class='ocrx_word' id='word_1_297' title='bbox 1021 4185 1191 4251; x_wconf 91' lang='lat' dir='ltr'>modorum</span> <span class='ocrx_word' id='word_1_298' title='bbox 1213 4183 1247 4250; x_wconf 92' lang='lat' dir='ltr'>in</span> <span class='ocrx_word' id='word_1_299' title='bbox 1270 4202 1367 4267; x_wconf 91' lang='lat' dir='ltr'>prae·</span> 
     </span>
     <span class='ocr_line' id='line_1_38' title="bbox 169 4288 710 4373; baseline 0.002 -19"><span class='ocrx_word' id='word_1_300' title='bbox 169 4288 307 4373; x_wconf 85' lang='lat' dir='ltr'>scriptis</span> <span class='ocrx_word' id='word_1_301' title='bbox 329 4288 461 4373; x_wconf 84' lang='lat' dir='ltr'>legibus</span> <span class='ocrx_word' id='word_1_302' title='bbox 485 4288 710 4356; x_wconf 86' lang='lat' dir='ltr'>continentur.</span> 
     </span>
    </p>
   </div>
   <div class='ocr_carea' id='block_1_3' title="bbox 0 0 1642 5009">
    <p class='ocr_par' dir='ltr' id='par_1_5' title="bbox 0 0 1642 5009">
     <span class='ocr_line' id='line_1_39' title="bbox 0 0 1642 5009; baseline 0 2"><span class='ocrx_word' id='word_1_303' title='bbox 0 0 1642 5009; x_wconf 95' lang='lat' dir='ltr'> </span> 
     </span>
    </p>
   </div>
  </div>
 </body>
</html>
