<?xml version="1.0" encoding="UTF-8"?>
<!DOCTYPE html PUBLIC "-//W3C//DTD XHTML 1.0 Transitional//EN"
    "http://www.w3.org/TR/xhtml1/DTD/xhtml1-transitional.dtd">
<html xmlns="http://www.w3.org/1999/xhtml" xml:lang="en" lang="en">
 <head>
  <title>
</title>
<meta http-equiv="Content-Type" content="text/html;charset=utf-8" />
  <meta name='ocr-system' content='tesseract 3.04.00' />
  <meta name='ocr-capabilities' content='ocr_page ocr_carea ocr_par ocr_line ocrx_word'/>
</head>
<body>
  <div class='ocr_page' id='page_1' title='image "./codexjurisbohem00unkngoog_0216.png"; bbox 0 0 3275 5009; ppageno 0'>
   <div class='ocr_carea' id='block_1_1' title="bbox 267 356 953 422">
    <p class='ocr_par' dir='ltr' id='par_1_1' title="bbox 267 356 953 422">
     <span class='ocr_line' id='line_1_1' title="bbox 267 356 953 422; baseline -0.006 -8"><span class='ocrx_word' id='word_1_1' title='bbox 267 361 320 414; x_wconf 79' lang='lat'><strong>200</strong></span> <span class='ocrx_word' id='word_1_2' title='bbox 445 416 446 422; x_wconf 7' lang='grc' dir='ltr'>χ</span> <span class='ocrx_word' id='word_1_3' title='bbox 784 356 953 412; x_wconf 77' lang='lat' dir='ltr'><strong>Sententiae</strong></span> 
     </span>
    </p>
   </div>
   <div class='ocr_carea' id='block_1_2' title="bbox 266 564 1470 967">
    <p class='ocr_par' dir='ltr' id='par_1_2' title="bbox 266 564 1470 967">
     <span class='ocr_line' id='line_1_2' title="bbox 266 564 1467 650; baseline -0.002 -18"><span class='ocrx_word' id='word_1_4' title='bbox 266 568 440 634; x_wconf 89' lang='lat' dir='ltr'><strong>trabatur:</strong></span> <span class='ocrx_word' id='word_1_5' title='bbox 463 569 577 631; x_wconf 90' lang='lat' dir='ltr'><strong>tamen</strong></span> <span class='ocrx_word' id='word_1_6' title='bbox 600 564 629 630; x_wconf 90' lang='lat' dir='ltr'><strong>si</strong></span> <span class='ocrx_word' id='word_1_7' title='bbox 645 569 826 648; x_wconf 83' lang='lat' dir='ltr'><strong>praetextu</strong></span> <span class='ocrx_word' id='word_1_8' title='bbox 845 565 1041 648; x_wconf 80' lang='lat' dir='ltr'><strong>praedictae</strong></span> <span class='ocrx_word' id='word_1_9' title='bbox 1056 565 1231 632; x_wconf 78' lang='lat' dir='ltr'><strong>absentiae</strong></span> <span class='ocrx_word' id='word_1_10' title='bbox 1247 567 1290 630; x_wconf 87' lang='lat' dir='ltr'><strong>ad</strong></span> <span class='ocrx_word' id='word_1_11' title='bbox 1304 565 1467 650; x_wconf 88' lang='lat' dir='ltr'><strong>judicium</strong></span> 
     </span>
     <span class='ocr_line' id='line_1_3' title="bbox 267 668 1470 752; baseline -0.005 -13"><span class='ocrx_word' id='word_1_12' title='bbox 267 675 390 739; x_wconf 84' lang='lat' dir='ltr'><strong>vocata</strong></span> <span class='ocrx_word' id='word_1_13' title='bbox 413 687 451 736; x_wconf 90' lang='lat' dir='ltr'><strong>se</strong></span> <span class='ocrx_word' id='word_1_14' title='bbox 472 668 546 736; x_wconf 85' lang='lat' dir='ltr'><strong>vult</strong></span> <span class='ocrx_word' id='word_1_15' title='bbox 568 669 667 752; x_wconf 89' lang='lat' dir='ltr'><strong>tueri,</strong></span> <span class='ocrx_word' id='word_1_16' title='bbox 689 671 792 736; x_wconf 88' lang='lat' dir='ltr'><strong>debet</strong></span> <span class='ocrx_word' id='word_1_17' title='bbox 814 668 905 750; x_wconf 93' lang='lat' dir='ltr'><strong>parti</strong></span> <span class='ocrx_word' id='word_1_18' title='bbox 929 670 1095 744; x_wconf 87' lang='lat' dir='ltr'><strong>adversae</strong></span> <span class='ocrx_word' id='word_1_19' title='bbox 1117 668 1304 749; x_wconf 85' lang='lat' dir='ltr'><strong>requirenti</strong></span> <span class='ocrx_word' id='word_1_20' title='bbox 1327 671 1369 734; x_wconf 92' lang='lat' dir='ltr'><strong>de</strong></span> <span class='ocrx_word' id='word_1_21' title='bbox 1397 669 1470 738; x_wconf 90' lang='lat' dir='ltr'><strong>vita</strong></span> 
     </span>
     <span class='ocr_line' id='line_1_4' title="bbox 266 773 1470 854; baseline -0.001 -15"><span class='ocrx_word' id='word_1_22' title='bbox 266 773 388 852; x_wconf 90' lang='lat' dir='ltr'><strong>mariti,</strong></span> <span class='ocrx_word' id='word_1_23' title='bbox 412 773 509 840; x_wconf 90' lang='lat' dir='ltr'><strong>fidem</strong></span> <span class='ocrx_word' id='word_1_24' title='bbox 532 778 568 840; x_wconf 89' lang='lat' dir='ltr'><strong>et</strong></span> <span class='ocrx_word' id='word_1_25' title='bbox 591 773 829 841; x_wconf 82' lang='lat' dir='ltr'><strong>certitudinem</strong></span> <span class='ocrx_word' id='word_1_26' title='bbox 859 773 989 854; x_wconf 80' lang='lat' dir='ltr'><strong>facere3</strong></span> <span class='ocrx_word' id='word_1_27' title='bbox 1021 775 1063 841; x_wconf 93' lang='lat' dir='ltr'><strong>de</strong></span> <span class='ocrx_word' id='word_1_28' title='bbox 1089 774 1222 841; x_wconf 91' lang='lat' dir='ltr'><strong>bomine</strong></span> <span class='ocrx_word' id='word_1_29' title='bbox 1252 773 1339 839; x_wconf 90' lang='lat' dir='ltr'><strong>enim</strong></span> <span class='ocrx_word' id='word_1_30' title='bbox 1370 777 1470 840; x_wconf 86' lang='lat' dir='ltr'><strong>extra</strong></span> 
     </span>
     <span class='ocr_line' id='line_1_5' title="bbox 267 869 1141 967; baseline -0.001 -22"><span class='ocrx_word' id='word_1_31' title='bbox 267 896 400 945; x_wconf 86' lang='lat' dir='ltr'><strong>sensum</strong></span> <span class='ocrx_word' id='word_1_32' title='bbox 426 877 522 967; x_wconf 83' lang='lat' dir='ltr'><strong>(sict)</strong></span> <span class='ocrx_word' id='word_1_33' title='bbox 547 869 716 945; x_wconf 84' lang='lat' dir='ltr'><strong>existente</strong></span> <span class='ocrx_word' id='word_1_34' title='bbox 740 877 875 945; x_wconf 92' lang='lat' dir='ltr'><strong>dubium</strong></span> <span class='ocrx_word' id='word_1_35' title='bbox 900 884 962 961; x_wconf 89' lang='lat' dir='ltr'><strong>est,</strong></span> <span class='ocrx_word' id='word_1_36' title='bbox 985 878 1014 944; x_wconf 91' lang='lat' dir='ltr'><strong>si</strong></span> <span class='ocrx_word' id='word_1_37' title='bbox 1037 876 1141 945; x_wconf 89' lang='lat' dir='ltr'><strong>vivat.</strong></span> 
     </span>
    </p>
   </div>
   <div class='ocr_carea' id='block_1_3' title="bbox 265 1023 1472 1526">
    <p class='ocr_par' dir='ltr' id='par_1_3' title="bbox 265 1023 1472 1526">
     <span class='ocr_line' id='line_1_6' title="bbox 369 1023 1472 1106; baseline 0 -17"><span class='ocrx_word' id='word_1_38' title='bbox 369 1027 445 1094; x_wconf 85' lang='grc'><em>498.</em></span> <span class='ocrx_word' id='word_1_39' title='bbox 468 1025 520 1090; x_wconf 78' lang='lat' dir='ltr'><strong>De</strong></span> <span class='ocrx_word' id='word_1_40' title='bbox 542 1025 712 1089; x_wconf 77' lang='lat' dir='ltr'><strong>molieram</strong></span> <span class='ocrx_word' id='word_1_41' title='bbox 738 1025 869 1096; x_wconf 77' lang='lat' dir='ltr'><strong>debitia.</strong></span> <span class='ocrx_word' id='word_1_42' title='bbox 891 1025 928 1092; x_wconf 88' lang='lat' dir='ltr'><strong>Si</strong></span> <span class='ocrx_word' id='word_1_43' title='bbox 950 1025 1068 1093; x_wconf 90' lang='lat' dir='ltr'><strong>mulier</strong></span> <span class='ocrx_word' id='word_1_44' title='bbox 1090 1026 1251 1092; x_wconf 88' lang='lat' dir='ltr'><strong>maritata</strong></span> <span class='ocrx_word' id='word_1_45' title='bbox 1265 1044 1326 1106; x_wconf 95' lang='lat' dir='ltr'><strong>pro</strong></span> <span class='ocrx_word' id='word_1_46' title='bbox 1343 1023 1472 1093; x_wconf 90' lang='lat' dir='ltr'><strong>debitis</strong></span> 
     </span>
     <span class='ocr_line' id='line_1_7' title="bbox 265 1131 1469 1214; baseline 0 -18"><span class='ocrx_word' id='word_1_47' title='bbox 265 1134 417 1214; x_wconf 91' lang='lat' dir='ltr'><strong>tempore</strong></span> <span class='ocrx_word' id='word_1_48' title='bbox 440 1131 617 1200; x_wconf 88' lang='lat' dir='ltr'><strong>viduitatis</strong></span> <span class='ocrx_word' id='word_1_49' title='bbox 641 1132 697 1200; x_wconf 88' lang='lat' dir='ltr'><strong>vel</strong></span> <span class='ocrx_word' id='word_1_50' title='bbox 719 1131 840 1213; x_wconf 90' lang='lat' dir='ltr'><strong>prioris</strong></span> <span class='ocrx_word' id='word_1_51' title='bbox 865 1131 979 1198; x_wconf 86' lang='lat' dir='ltr'><strong>mariti</strong></span> <span class='ocrx_word' id='word_1_52' title='bbox 1001 1131 1206 1213; x_wconf 88' lang='lat' dir='ltr'><strong>praemortui</strong></span> <span class='ocrx_word' id='word_1_53' title='bbox 1225 1149 1285 1212; x_wconf 92' lang='lat' dir='ltr'><strong>per</strong></span> <span class='ocrx_word' id='word_1_54' title='bbox 1302 1149 1376 1196; x_wconf 91' lang='lat' dir='ltr'><strong>eam</strong></span> <span class='ocrx_word' id='word_1_55' title='bbox 1393 1147 1469 1197; x_wconf 92' lang='lat' dir='ltr'><strong>con·</strong></span> 
     </span>
     <span class='ocr_line' id='line_1_8' title="bbox 267 1229 1472 1319; baseline 0 -19"><span class='ocrx_word' id='word_1_56' title='bbox 267 1235 397 1319; x_wconf 77' lang='lat' dir='ltr'><strong>bractia,</strong></span> <span class='ocrx_word' id='word_1_57' title='bbox 430 1234 466 1301; x_wconf 90' lang='lat' dir='ltr'><strong>in</strong></span> <span class='ocrx_word' id='word_1_58' title='bbox 497 1254 631 1302; x_wconf 89' lang='lat' dir='ltr'><strong>causam</strong></span> <span class='ocrx_word' id='word_1_59' title='bbox 665 1236 831 1302; x_wconf 86' lang='lat' dir='ltr'><strong>trahitur:</strong></span> <span class='ocrx_word' id='word_1_60' title='bbox 862 1229 930 1301; x_wconf 79' lang='lat' dir='ltr'><strong>&#39;non</strong></span> <span class='ocrx_word' id='word_1_61' title='bbox 967 1231 1137 1316; x_wconf 63' lang='lat' dir='ltr'><strong>obstante</strong></span> <span class='ocrx_word' id='word_1_62' title='bbox 1166 1237 1253 1314; x_wconf 89' lang='lat' dir='ltr'><strong>quod</strong></span> <span class='ocrx_word' id='word_1_63' title='bbox 1288 1254 1348 1317; x_wconf 90' lang='lat' dir='ltr'><strong>pro</strong></span> <span class='ocrx_word' id='word_1_64' title='bbox 1383 1251 1472 1300; x_wconf 89' lang='lat' dir='ltr'><strong>nunc</strong></span> 
     </span>
     <span class='ocr_line' id='line_1_9' title="bbox 266 1338 1472 1422; baseline -0.001 -17"><span class='ocrx_word' id='word_1_65' title='bbox 266 1339 393 1422; x_wconf 81' lang='lat' dir='ltr'><strong>allegat</strong></span> <span class='ocrx_word' id='word_1_66' title='bbox 416 1339 569 1406; x_wconf 91' lang='lat' dir='ltr'><strong>maritum</strong></span> <span class='ocrx_word' id='word_1_67' title='bbox 592 1340 714 1422; x_wconf 87' lang='lat' dir='ltr'><strong>vivum,</strong></span> <span class='ocrx_word' id='word_1_68' title='bbox 738 1341 798 1406; x_wconf 92' lang='lat' dir='ltr'><strong>sed</strong></span> <span class='ocrx_word' id='word_1_69' title='bbox 822 1343 994 1406; x_wconf 89' lang='lat' dir='ltr'><strong>absentem</strong></span> <span class='ocrx_word' id='word_1_70' title='bbox 1011 1357 1047 1405; x_wconf 91' lang='lat' dir='ltr'><strong>se</strong></span> <span class='ocrx_word' id='word_1_71' title='bbox 1064 1338 1199 1421; x_wconf 89' lang='lat' dir='ltr'><strong>babere,</strong></span> <span class='ocrx_word' id='word_1_72' title='bbox 1219 1338 1344 1404; x_wconf 90' lang='lat' dir='ltr'><strong>actoris</strong></span> <span class='ocrx_word' id='word_1_73' title='bbox 1362 1338 1472 1418; x_wconf 90' lang='lat' dir='ltr'><strong>queri·</strong></span> 
     </span>
     <span class='ocr_line' id='line_1_10' title="bbox 266 1443 635 1526; baseline -0.003 -16"><span class='ocrx_word' id='word_1_74' title='bbox 266 1443 385 1510; x_wconf 84' lang='lat' dir='ltr'><strong>moniis</strong></span> <span class='ocrx_word' id='word_1_75' title='bbox 408 1444 635 1526; x_wconf 85' lang='lat' dir='ltr'><strong>respondebit.</strong></span> 
     </span>
    </p>
   </div>
   <div class='ocr_carea' id='block_1_4' title="bbox 203 1581 1473 1870">
    <p class='ocr_par' dir='ltr' id='par_1_4' title="bbox 203 1581 1473 1870">
     <span class='ocr_line' id='line_1_11' title="bbox 370 1581 1471 1669; baseline 0.003 -26"><span class='ocrx_word' id='word_1_76' title='bbox 370 1583 444 1646; x_wconf 84' lang='lat'><em>499.</em></span> <span class='ocrx_word' id='word_1_77' title='bbox 456 1582 506 1645; x_wconf 87' lang='lat' dir='ltr'><strong>De</strong></span> <span class='ocrx_word' id='word_1_78' title='bbox 518 1581 686 1644; x_wconf 81' lang='lat' dir='ltr'><strong>mulierum</strong></span> <span class='ocrx_word' id='word_1_79' title='bbox 691 1585 888 1669; x_wconf 77' lang='lat' dir='ltr'><strong>juramento.</strong></span> <span class='ocrx_word' id='word_1_80' title='bbox 903 1582 1062 1668; x_wconf 79' lang='lat' dir='ltr'><strong>Quamvis</strong></span> <span class='ocrx_word' id='word_1_81' title='bbox 1079 1582 1197 1648; x_wconf 82' lang='lat' dir='ltr'><strong>mulier</strong></span> <span class='ocrx_word' id='word_1_82' title='bbox 1209 1583 1325 1665; x_wconf 81' lang='lat' dir='ltr'><strong>jurare</strong></span> <span class='ocrx_word' id='word_1_83' title='bbox 1340 1584 1471 1648; x_wconf 75' lang='lat' dir='ltr'><strong>debens</strong></span> 
     </span>
     <span class='ocr_line' id='line_1_12' title="bbox 203 1684 1473 1770; baseline -0.001 -18"><span class='ocrx_word' id='word_1_84' title='bbox 203 1684 208 1688; x_wconf 80' lang='grc'><strong>’</strong></span> <span class='ocrx_word' id='word_1_85' title='bbox 265 1685 301 1752; x_wconf 88' lang='lat' dir='ltr'><strong>in</strong></span> <span class='ocrx_word' id='word_1_86' title='bbox 314 1686 503 1770; x_wconf 89' lang='lat' dir='ltr'><strong>juramento</strong></span> <span class='ocrx_word' id='word_1_87' title='bbox 520 1705 587 1752; x_wconf 89' lang='lat' dir='ltr'><strong>non</strong></span> <span class='ocrx_word' id='word_1_88' title='bbox 605 1686 712 1752; x_wconf 89' lang='lat' dir='ltr'><strong>cadit:</strong></span> <span class='ocrx_word' id='word_1_89' title='bbox 729 1692 841 1753; x_wconf 89' lang='lat' dir='ltr'><strong>tamen</strong></span> <span class='ocrx_word' id='word_1_90' title='bbox 856 1692 966 1754; x_wconf 88' lang='lat' dir='ltr'><strong>testes</strong></span> <span class='ocrx_word' id='word_1_91' title='bbox 982 1687 1063 1770; x_wconf 89' lang='lat' dir='ltr'><strong>ejus,</strong></span> <span class='ocrx_word' id='word_1_92' title='bbox 1080 1687 1109 1752; x_wconf 90' lang='lat' dir='ltr'><strong>si</strong></span> <span class='ocrx_word' id='word_1_93' title='bbox 1125 1686 1159 1752; x_wconf 93' lang='lat' dir='ltr'><strong>in</strong></span> <span class='ocrx_word' id='word_1_94' title='bbox 1171 1687 1277 1752; x_wconf 85' lang='lat' dir='ltr'><strong>torma</strong></span> <span class='ocrx_word' id='word_1_95' title='bbox 1286 1686 1473 1769; x_wconf 75' lang='lat' dir='ltr'><strong>Juramenti</strong></span> 
     </span>
     <span class='ocr_line' id='line_1_13' title="bbox 267 1789 1131 1870; baseline 0 -15"><span class='ocrx_word' id='word_1_96' title='bbox 267 1789 488 1870; x_wconf 84' lang='lat' dir='ltr'><strong>deviaverint,</strong></span> <span class='ocrx_word' id='word_1_97' title='bbox 512 1791 637 1858; x_wconf 89' lang='lat' dir='ltr'><strong>cadunt</strong></span> <span class='ocrx_word' id='word_1_98' title='bbox 660 1796 695 1857; x_wconf 89' lang='lat' dir='ltr'><strong>et</strong></span> <span class='ocrx_word' id='word_1_99' title='bbox 717 1790 751 1856; x_wconf 91' lang='lat' dir='ltr'><strong>in</strong></span> <span class='ocrx_word' id='word_1_100' title='bbox 775 1810 877 1857; x_wconf 88' lang='lat' dir='ltr'><strong>causa</strong></span> <span class='ocrx_word' id='word_1_101' title='bbox 902 1791 1131 1857; x_wconf 89' lang='lat' dir='ltr'><strong>succumbunt.</strong></span> 
     </span>
    </p>
   </div>
   <div class='ocr_carea' id='block_1_5' title="bbox 237 1929 1477 3471">
    <p class='ocr_par' dir='ltr' id='par_1_5' title="bbox 262 1929 1477 2951">
     <span class='ocr_line' id='line_1_14' title="bbox 371 1929 1475 2014; baseline 0.003 -22"><span class='ocrx_word' id='word_1_102' title='bbox 371 1931 443 1995; x_wconf 83' lang='lat'><strong><em>500.</em></strong></span> <span class='ocrx_word' id='word_1_103' title='bbox 460 1929 510 1992; x_wconf 86' lang='lat' dir='ltr'><strong>De</strong></span> <span class='ocrx_word' id='word_1_104' title='bbox 518 1933 707 2014; x_wconf 73' lang='lat' dir='ltr'><strong>juramento</strong></span> <span class='ocrx_word' id='word_1_105' title='bbox 722 1929 871 1994; x_wconf 78' lang='lat' dir='ltr'><strong>mulieris</strong></span> <span class='ocrx_word' id='word_1_106' title='bbox 887 1930 1020 1999; x_wconf 77' lang='lat' dir='ltr'><strong>uiduae.</strong></span> <span class='ocrx_word' id='word_1_107' title='bbox 1037 1929 1159 1997; x_wconf 83' lang='lat' dir='ltr'><strong>Mulier</strong></span> <span class='ocrx_word' id='word_1_108' title='bbox 1174 1930 1275 1996; x_wconf 83' lang='lat' dir='ltr'><strong>vidua</strong></span> <span class='ocrx_word' id='word_1_109' title='bbox 1287 1931 1321 1995; x_wconf 90' lang='lat' dir='ltr'><strong>in</strong></span> <span class='ocrx_word' id='word_1_110' title='bbox 1332 1948 1475 1996; x_wconf 81' lang='lat' dir='ltr'><strong>oausam</strong></span> 
     </span>
     <span class='ocr_line' id='line_1_15' title="bbox 266 2033 1472 2117; baseline 0.001 -19"><span class='ocrx_word' id='word_1_111' title='bbox 266 2039 378 2099; x_wconf 90' lang='lat' dir='ltr'><strong>tracta</strong></span> <span class='ocrx_word' id='word_1_112' title='bbox 401 2052 461 2102; x_wconf 90' lang='lat' dir='ltr'><strong>seu</strong></span> <span class='ocrx_word' id='word_1_113' title='bbox 483 2033 705 2117; x_wconf 87' lang='lat' dir='ltr'><strong>adjudicium</strong></span> <span class='ocrx_word' id='word_1_114' title='bbox 728 2034 835 2101; x_wconf 89' lang='lat' dir='ltr'><strong>citata</strong></span> <span class='ocrx_word' id='word_1_115' title='bbox 859 2053 918 2117; x_wconf 89' lang='lat' dir='ltr'><strong>pro</strong></span> <span class='ocrx_word' id='word_1_116' title='bbox 943 2033 1067 2100; x_wconf 89' lang='lat' dir='ltr'><strong>debitis</strong></span> <span class='ocrx_word' id='word_1_117' title='bbox 1095 2052 1153 2115; x_wconf 91' lang='lat' dir='ltr'><strong>per</strong></span> <span class='ocrx_word' id='word_1_118' title='bbox 1185 2033 1338 2100; x_wconf 90' lang='lat' dir='ltr'><strong>maritum</strong></span> <span class='ocrx_word' id='word_1_119' title='bbox 1371 2052 1472 2099; x_wconf 92' lang='lat' dir='ltr'><strong>suum</strong></span> 
     </span>
     <span class='ocr_line' id='line_1_16' title="bbox 267 2137 1476 2222; baseline -0.001 -18"><span class='ocrx_word' id='word_1_120' title='bbox 267 2138 461 2220; x_wconf 90' lang='lat' dir='ltr'><strong>contractis,</strong></span> <span class='ocrx_word' id='word_1_121' title='bbox 485 2138 514 2217; x_wconf 88' lang='lat' dir='ltr'><strong>si</strong></span> <span class='ocrx_word' id='word_1_122' title='bbox 533 2139 649 2222; x_wconf 90' lang='lat' dir='ltr'><strong>jurare</strong></span> <span class='ocrx_word' id='word_1_123' title='bbox 673 2140 837 2221; x_wconf 87' lang='lat' dir='ltr'><strong>debuerit,</strong></span> <span class='ocrx_word' id='word_1_124' title='bbox 857 2137 1000 2220; x_wconf 87' lang='lat' dir='ltr'><strong>jurando</strong></span> <span class='ocrx_word' id='word_1_125' title='bbox 1024 2156 1090 2203; x_wconf 91' lang='lat' dir='ltr'><strong>non</strong></span> <span class='ocrx_word' id='word_1_126' title='bbox 1111 2137 1223 2216; x_wconf 88' lang='lat' dir='ltr'><strong>cadit;</strong></span> <span class='ocrx_word' id='word_1_127' title='bbox 1246 2137 1281 2202; x_wconf 92' lang='lat' dir='ltr'><strong>iu</strong></span> <span class='ocrx_word' id='word_1_128' title='bbox 1303 2138 1366 2203; x_wconf 93' lang='lat' dir='ltr'><strong>boc</strong></span> <span class='ocrx_word' id='word_1_129' title='bbox 1384 2137 1476 2204; x_wconf 91' lang='lat' dir='ltr'><strong>enim</strong></span> 
     </span>
     <span class='ocr_line' id='line_1_17' title="bbox 266 2238 1474 2327; baseline 0.001 -18"><span class='ocrx_word' id='word_1_130' title='bbox 266 2261 347 2309; x_wconf 92' lang='lat' dir='ltr'><strong>casu</strong></span> <span class='ocrx_word' id='word_1_131' title='bbox 371 2241 533 2325; x_wconf 84' lang='lat' dir='ltr'><strong>gaudebit</strong></span> <span class='ocrx_word' id='word_1_132' title='bbox 557 2261 596 2308; x_wconf 95' lang='lat' dir='ltr'><strong>eo</strong></span> <span class='ocrx_word' id='word_1_133' title='bbox 616 2244 703 2327; x_wconf 88' lang='lat' dir='ltr'><strong>jure,</strong></span> <span class='ocrx_word' id='word_1_134' title='bbox 725 2244 813 2323; x_wconf 87' lang='lat' dir='ltr'><strong>quod</strong></span> <span class='ocrx_word' id='word_1_135' title='bbox 836 2242 900 2308; x_wconf 87' lang='lat' dir='ltr'><strong>sibi</strong></span> <span class='ocrx_word' id='word_1_136' title='bbox 926 2241 1061 2308; x_wconf 89' lang='lat' dir='ltr'><strong>vivente</strong></span> <span class='ocrx_word' id='word_1_137' title='bbox 1090 2238 1211 2306; x_wconf 91' lang='lat' dir='ltr'><strong>marito</strong></span> <span class='ocrx_word' id='word_1_138' title='bbox 1242 2241 1474 2320; x_wconf 86' lang='lat' dir='ltr'><strong>competisset.</strong></span> 
     </span>
     <span class='ocr_line' id='line_1_18' title="bbox 267 2345 1472 2428; baseline -0.002 -13"><span class='ocrx_word' id='word_1_139' title='bbox 267 2348 302 2415; x_wconf 83' lang='lat' dir='ltr'><strong>Si</strong></span> <span class='ocrx_word' id='word_1_140' title='bbox 325 2352 437 2413; x_wconf 89' lang='lat' dir='ltr'><strong>autem</strong></span> <span class='ocrx_word' id='word_1_141' title='bbox 461 2346 562 2412; x_wconf 87' lang='lat' dir='ltr'><strong>vidua</strong></span> <span class='ocrx_word' id='word_1_142' title='bbox 586 2365 646 2428; x_wconf 93' lang='lat' dir='ltr'><strong>pro</strong></span> <span class='ocrx_word' id='word_1_143' title='bbox 670 2347 792 2413; x_wconf 89' lang='lat' dir='ltr'><strong>debitis</strong></span> <span class='ocrx_word' id='word_1_144' title='bbox 815 2349 966 2427; x_wconf 90' lang='lat' dir='ltr'><strong>tempore</strong></span> <span class='ocrx_word' id='word_1_145' title='bbox 998 2345 1175 2411; x_wconf 87' lang='lat' dir='ltr'><strong>viduitatis</strong></span> <span class='ocrx_word' id='word_1_146' title='bbox 1199 2362 1281 2410; x_wconf 90' lang='lat' dir='ltr'><strong>suae</strong></span> <span class='ocrx_word' id='word_1_147' title='bbox 1303 2346 1345 2409; x_wconf 92' lang='lat' dir='ltr'><strong>de</strong></span> <span class='ocrx_word' id='word_1_148' title='bbox 1370 2347 1472 2412; x_wconf 90' lang='lat' dir='ltr'><strong>bonis</strong></span> 
     </span>
     <span class='ocr_line' id='line_1_19' title="bbox 267 2449 1477 2533; baseline 0 -16"><span class='ocrx_word' id='word_1_149' title='bbox 267 2449 439 2533; x_wconf 84' lang='lat' dir='ltr'><strong>adipeam</strong></span> <span class='ocrx_word' id='word_1_150' title='bbox 462 2451 596 2533; x_wconf 88' lang='lat' dir='ltr'><strong>proprie</strong></span> <span class='ocrx_word' id='word_1_151' title='bbox 621 2457 656 2517; x_wconf 92' lang='lat' dir='ltr'><strong>et</strong></span> <span class='ocrx_word' id='word_1_152' title='bbox 680 2450 904 2532; x_wconf 89' lang='lat' dir='ltr'><strong>personaliter</strong></span> <span class='ocrx_word' id='word_1_153' title='bbox 927 2449 1183 2531; x_wconf 72' lang='lat' dir='ltr'><strong>pertinentibus</strong></span> <span class='ocrx_word' id='word_1_154' title='bbox 1203 2467 1339 2528; x_wconf 83' lang='lat' dir='ltr'><strong>quorum</strong></span> <span class='ocrx_word' id='word_1_155' title='bbox 1356 2468 1423 2531; x_wconf 90' lang='lat' dir='ltr'><strong>per</strong></span> <span class='ocrx_word' id='word_1_156' title='bbox 1439 2469 1477 2517; x_wconf 92' lang='lat' dir='ltr'><strong>se</strong></span> 
     </span>
     <span class='ocr_line' id='line_1_20' title="bbox 266 2552 1474 2637; baseline -0.002 -15"><span class='ocrx_word' id='word_1_157' title='bbox 266 2561 321 2622; x_wconf 90' lang='lat' dir='ltr'><strong>est</strong></span> <span class='ocrx_word' id='word_1_158' title='bbox 345 2554 486 2635; x_wconf 91' lang='lat' dir='ltr'><strong>domina,</strong></span> <span class='ocrx_word' id='word_1_159' title='bbox 510 2555 703 2637; x_wconf 81' lang='lat' dir='ltr'><strong>contractis,</strong></span> <span class='ocrx_word' id='word_1_160' title='bbox 726 2553 827 2620; x_wconf 87' lang='lat' dir='ltr'><strong>alicui</strong></span> <span class='ocrx_word' id='word_1_161' title='bbox 851 2552 958 2634; x_wconf 88' lang='lat' dir='ltr'><strong>ipsam</strong></span> <span class='ocrx_word' id='word_1_162' title='bbox 973 2553 1151 2634; x_wconf 84' lang='lat' dir='ltr'><strong>impetenti</strong></span> <span class='ocrx_word' id='word_1_163' title='bbox 1163 2554 1280 2637; x_wconf 89' lang='lat' dir='ltr'><strong>jurare</strong></span> <span class='ocrx_word' id='word_1_164' title='bbox 1297 2553 1474 2620; x_wconf 87' lang='lat' dir='ltr'><strong>debuerit:</strong></span> 
     </span>
     <span class='ocr_line' id='line_1_21' title="bbox 267 2655 1475 2742; baseline -0.002 -16"><span class='ocrx_word' id='word_1_165' title='bbox 267 2659 303 2726; x_wconf 85' lang='lat' dir='ltr'><strong>ln</strong></span> <span class='ocrx_word' id='word_1_166' title='bbox 331 2659 393 2725; x_wconf 92' lang='lat' dir='ltr'><strong>hoc</strong></span> <span class='ocrx_word' id='word_1_167' title='bbox 424 2676 514 2740; x_wconf 89' lang='lat' dir='ltr'><strong>casu,</strong></span> <span class='ocrx_word' id='word_1_168' title='bbox 549 2657 578 2723; x_wconf 91' lang='lat' dir='ltr'><strong>si</strong></span> <span class='ocrx_word' id='word_1_169' title='bbox 614 2659 778 2742; x_wconf 89' lang='lat' dir='ltr'><strong>impetens</strong></span> <span class='ocrx_word' id='word_1_170' title='bbox 815 2664 935 2724; x_wconf 86' lang='lat' dir='ltr'><strong>contra</strong></span> <span class='ocrx_word' id='word_1_171' title='bbox 970 2658 1076 2740; x_wconf 88' lang='lat' dir='ltr'><strong>ipsam</strong></span> <span class='ocrx_word' id='word_1_172' title='bbox 1110 2655 1297 2741; x_wconf 91' lang='lat' dir='ltr'><strong>hujusmodi</strong></span> <span class='ocrx_word' id='word_1_173' title='bbox 1331 2656 1475 2741; x_wconf 85' lang='lat' dir='ltr'><strong>allegat,</strong></span> 
     </span>
     <span class='ocr_line' id='line_1_22' title="bbox 262 2760 1475 2848; baseline 0.001 -21"><span class='ocrx_word' id='word_1_174' title='bbox 262 2764 409 2848; x_wconf 89' lang='lat' dir='ltr'><strong>jurando</strong></span> <span class='ocrx_word' id='word_1_175' title='bbox 434 2763 525 2829; x_wconf 88' lang='lat' dir='ltr'><strong>cadit</strong></span> <span class='ocrx_word' id='word_1_176' title='bbox 545 2768 580 2829; x_wconf 92' lang='lat' dir='ltr'><strong>et</strong></span> <span class='ocrx_word' id='word_1_177' title='bbox 595 2763 629 2828; x_wconf 90' lang='lat' dir='ltr'><strong>iu</strong></span> <span class='ocrx_word' id='word_1_178' title='bbox 653 2781 755 2830; x_wconf 87' lang='lat' dir='ltr'><strong>causa</strong></span> <span class='ocrx_word' id='word_1_179' title='bbox 778 2763 977 2829; x_wconf 87' lang='lat' dir='ltr'><strong>succumbit.</strong></span> <span class='ocrx_word' id='word_1_180' title='bbox 1004 2760 1041 2828; x_wconf 86' lang='lat' dir='ltr'><strong>Si</strong></span> <span class='ocrx_word' id='word_1_181' title='bbox 1064 2779 1144 2828; x_wconf 88' lang='lat' dir='ltr'><strong>vero</strong></span> <span class='ocrx_word' id='word_1_182' title='bbox 1160 2760 1245 2827; x_wconf 92' lang='lat' dir='ltr'><strong>talia</strong></span> <span class='ocrx_word' id='word_1_183' title='bbox 1261 2764 1382 2826; x_wconf 89' lang='lat' dir='ltr'><strong>contra</strong></span> <span class='ocrx_word' id='word_1_184' title='bbox 1400 2781 1475 2828; x_wconf 92' lang='lat' dir='ltr'><strong>eam</strong></span> 
     </span>
     <span class='ocr_line' id='line_1_23' title="bbox 267 2863 1474 2951; baseline -0.001 -17"><span class='ocrx_word' id='word_1_185' title='bbox 267 2867 415 2951; x_wconf 80' lang='lat' dir='ltr'><strong>allegata</strong></span> <span class='ocrx_word' id='word_1_186' title='bbox 438 2885 503 2933; x_wconf 92' lang='lat' dir='ltr'><strong>non</strong></span> <span class='ocrx_word' id='word_1_187' title='bbox 526 2866 663 2950; x_wconf 84' lang='lat' dir='ltr'><strong>fuerint,</strong></span> <span class='ocrx_word' id='word_1_188' title='bbox 685 2870 720 2931; x_wconf 90' lang='lat' dir='ltr'><strong>et</strong></span> <span class='ocrx_word' id='word_1_189' title='bbox 744 2885 785 2933; x_wconf 85' lang='lat' dir='ltr'><strong>ex</strong></span> <span class='ocrx_word' id='word_1_190' title='bbox 809 2867 882 2950; x_wconf 77' lang='lat' dir='ltr'><strong>eJus</strong></span> <span class='ocrx_word' id='word_1_191' title='bbox 906 2871 1003 2947; x_wconf 89' lang='lat' dir='ltr'><strong>parte</strong></span> <span class='ocrx_word' id='word_1_192' title='bbox 1021 2868 1075 2950; x_wconf 87' lang='lat' dir='ltr'><strong>jus</strong></span> <span class='ocrx_word' id='word_1_193' title='bbox 1099 2865 1272 2930; x_wconf 84' lang='lat' dir='ltr'><strong>mulierum</strong></span> <span class='ocrx_word' id='word_1_194' title='bbox 1296 2863 1363 2929; x_wconf 91' lang='lat' dir='ltr'><strong>sibi</strong></span> <span class='ocrx_word' id='word_1_195' title='bbox 1381 2867 1474 2933; x_wconf 84' lang='lat' dir='ltr'><strong>exci-</strong></span> 
     </span>
    </p>

    <p class='ocr_par' dir='ltr' id='par_1_6' title="bbox 237 2969 1477 3471">
     <span class='ocr_line' id='line_1_24' title="bbox 266 2969 1474 3055; baseline 0.002 -19"><span class='ocrx_word' id='word_1_196' title='bbox 266 2972 388 3054; x_wconf 88' lang='lat' dir='ltr'><strong>piatur,</strong></span> <span class='ocrx_word' id='word_1_197' title='bbox 410 2972 553 3055; x_wconf 87' lang='lat' dir='ltr'><strong>jurando</strong></span> <span class='ocrx_word' id='word_1_198' title='bbox 576 2989 641 3036; x_wconf 92' lang='lat' dir='ltr'><strong>non</strong></span> <span class='ocrx_word' id='word_1_199' title='bbox 666 2971 766 3037; x_wconf 91' lang='lat' dir='ltr'><strong>cadit.</strong></span> <span class='ocrx_word' id='word_1_200' title='bbox 797 2971 846 3036; x_wconf 86' lang='lat' dir='ltr'><strong>Et</strong></span> <span class='ocrx_word' id='word_1_201' title='bbox 869 2977 923 3036; x_wconf 90' lang='lat' dir='ltr'><strong>est</strong></span> <span class='ocrx_word' id='word_1_202' title='bbox 946 2971 1044 3051; x_wconf 88' lang='lat' dir='ltr'><strong>ratio,</strong></span> <span class='ocrx_word' id='word_1_203' title='bbox 1075 2988 1146 3035; x_wconf 92' lang='lat' dir='ltr'><strong>oum</strong></span> <span class='ocrx_word' id='word_1_204' title='bbox 1177 2969 1279 3035; x_wconf 91' lang='lat' dir='ltr'><strong>vidua</strong></span> <span class='ocrx_word' id='word_1_205' title='bbox 1306 2969 1474 3037; x_wconf 92' lang='lat' dir='ltr'><strong>debonis</strong></span> 
     </span>
     <span class='ocr_line' id='line_1_25' title="bbox 237 3061 1477 3159; baseline 0 -18"><span class='ocrx_word' id='word_1_206' title='bbox 237 3061 242 3068; x_wconf 65' lang='grc'><em>’</em></span> <span class='ocrx_word' id='word_1_207' title='bbox 267 3076 422 3159; x_wconf 90' lang='lat' dir='ltr'><strong>propriis,</strong></span> <span class='ocrx_word' id='word_1_208' title='bbox 446 3093 583 3154; x_wconf 88' lang='lat' dir='ltr'><strong>quorum</strong></span> <span class='ocrx_word' id='word_1_209' title='bbox 607 3094 667 3156; x_wconf 90' lang='lat' dir='ltr'><strong>per</strong></span> <span class='ocrx_word' id='word_1_210' title='bbox 690 3093 728 3141; x_wconf 89' lang='lat' dir='ltr'><strong>se·</strong></span> <span class='ocrx_word' id='word_1_211' title='bbox 751 3081 804 3143; x_wconf 89' lang='lat' dir='ltr'><strong>est</strong></span> <span class='ocrx_word' id='word_1_212' title='bbox 827 3076 969 3157; x_wconf 90' lang='lat' dir='ltr'><strong>domina,</strong></span> <span class='ocrx_word' id='word_1_213' title='bbox 989 3075 1100 3140; x_wconf 82' lang='lat' dir='ltr'><strong>facere</strong></span> <span class='ocrx_word' id='word_1_214' title='bbox 1117 3074 1225 3156; x_wconf 88' lang='lat' dir='ltr'><strong>possit</strong></span> <span class='ocrx_word' id='word_1_215' title='bbox 1243 3077 1277 3139; x_wconf 92' lang='lat' dir='ltr'><strong>et</strong></span> <span class='ocrx_word' id='word_1_216' title='bbox 1293 3075 1477 3155; x_wconf 87' lang='lat' dir='ltr'><strong>disponere</strong></span> 
     </span>
     <span class='ocr_line' id='line_1_26' title="bbox 268 3177 1475 3263; baseline 0.002 -19"><span class='ocrx_word' id='word_1_217' title='bbox 268 3178 425 3260; x_wconf 88' lang='lat' dir='ltr'><strong>quicquid</strong></span> <span class='ocrx_word' id='word_1_218' title='bbox 450 3180 571 3260; x_wconf 86' lang='lat' dir='ltr'><strong>placet,</strong></span> <span class='ocrx_word' id='word_1_219' title='bbox 595 3180 683 3244; x_wconf 92' lang='lat' dir='ltr'><strong>sicut</strong></span> <span class='ocrx_word' id='word_1_220' title='bbox 704 3179 764 3263; x_wconf 86' lang='lat' dir='ltr'><strong>vir,</strong></span> <span class='ocrx_word' id='word_1_221' title='bbox 781 3179 917 3263; x_wconf 84' lang='lat' dir='ltr'><strong>dignum</strong></span> <span class='ocrx_word' id='word_1_222' title='bbox 934 3183 1100 3260; x_wconf 91' lang='lat' dir='ltr'><strong>censetur,</strong></span> <span class='ocrx_word' id='word_1_223' title='bbox 1117 3177 1321 3258; x_wconf 86' lang='lat' dir='ltr'><strong>quodetiam</strong></span> <span class='ocrx_word' id='word_1_224' title='bbox 1338 3180 1475 3261; x_wconf 88' lang='lat' dir='ltr'><strong>agendo</strong></span> 
     </span>
     <span class='ocr_line' id='line_1_27' title="bbox 268 3283 1477 3366; baseline 0 -17"><span class='ocrx_word' id='word_1_225' title='bbox 268 3283 324 3349; x_wconf 88' lang='lat' dir='ltr'><strong>vel</strong></span> <span class='ocrx_word' id='word_1_226' title='bbox 347 3284 580 3365; x_wconf 87' lang='lat' dir='ltr'><strong>respondendo</strong></span> <span class='ocrx_word' id='word_1_227' title='bbox 604 3300 704 3364; x_wconf 90' lang='lat' dir='ltr'><strong>super</strong></span> <span class='ocrx_word' id='word_1_228' title='bbox 725 3285 822 3350; x_wconf 89' lang='lat' dir='ltr'><strong>bonis</strong></span> <span class='ocrx_word' id='word_1_229' title='bbox 846 3283 971 3350; x_wconf 88' lang='lat' dir='ltr'><strong>talibus</strong></span> <span class='ocrx_word' id='word_1_230' title='bbox 989 3285 1095 3349; x_wconf 91' lang='lat' dir='ltr'><strong>eidem</strong></span> <span class='ocrx_word' id='word_1_231' title='bbox 1107 3283 1176 3366; x_wconf 90' lang='lat' dir='ltr'><strong>juri</strong></span> <span class='ocrx_word' id='word_1_232' title='bbox 1192 3283 1393 3366; x_wconf 86' lang='lat' dir='ltr'><strong>subjacebit,</strong></span> <span class='ocrx_word' id='word_1_233' title='bbox 1410 3301 1477 3362; x_wconf 90' lang='lat' dir='ltr'><strong>quo</strong></span> 
     </span>
     <span class='ocr_line' id='line_1_28' title="bbox 268 3386 710 3471; baseline 0.002 -20"><span class='ocrx_word' id='word_1_234' title='bbox 268 3386 322 3452; x_wconf 91' lang='lat' dir='ltr'><strong>vir</strong></span> <span class='ocrx_word' id='word_1_235' title='bbox 344 3387 507 3471; x_wconf 88' lang='lat' dir='ltr'><strong>subjacet,</strong></span> <span class='ocrx_word' id='word_1_236' title='bbox 531 3386 602 3468; x_wconf 92' lang='lat' dir='ltr'><strong>ipso</strong></span> <span class='ocrx_word' id='word_1_237' title='bbox 623 3387 710 3470; x_wconf 89' lang='lat' dir='ltr'><strong>jure.</strong></span> 
     </span>
    </p>
   </div>
   <div class='ocr_carea' id='block_1_6' title="bbox 268 3532 1477 3937">
    <p class='ocr_par' dir='ltr' id='par_1_7' title="bbox 268 3532 1477 3937">
     <span class='ocr_line' id='line_1_29' title="bbox 283 3532 1476 3626; baseline 0.004 -21"><span class='ocrx_word' id='word_1_238' title='bbox 283 3532 284 3536; x_wconf 25' lang='lat'>¹</span> <span class='ocrx_word' id='word_1_239' title='bbox 372 3543 445 3608; x_wconf 84' lang='lat'><strong><em>501.</em></strong></span> <span class='ocrx_word' id='word_1_240' title='bbox 474 3541 523 3604; x_wconf 84' lang='lat' dir='ltr'><strong>Dc</strong></span> <span class='ocrx_word' id='word_1_241' title='bbox 545 3540 736 3605; x_wconf 76' lang='lat' dir='ltr'><strong>mulieribus</strong></span> <span class='ocrx_word' id='word_1_242' title='bbox 768 3551 798 3604; x_wconf 86' lang='lat' dir='ltr'><strong>et</strong></span> <span class='ocrx_word' id='word_1_243' title='bbox 821 3542 976 3626; x_wconf 71' lang='lat' dir='ltr'><strong>captoriae</strong></span> <span class='ocrx_word' id='word_1_244' title='bbox 1009 3563 1126 3610; x_wconf 76' lang='lat' dir='ltr'><strong>eoram.</strong></span> <span class='ocrx_word' id='word_1_245' title='bbox 1152 3543 1239 3608; x_wconf 15' lang='lat' dir='ltr'><strong>[Cum</strong></span> <span class='ocrx_word' id='word_1_246' title='bbox 1270 3542 1476 3610; x_wconf 78' lang='lat' dir='ltr'><strong>mulieresa</strong></span> 
     </span>
     <span class='ocr_line' id='line_1_30' title="bbox 268 3643 1477 3728; baseline -0.002 -14"><span class='ocrx_word' id='word_1_247' title='bbox 268 3650 363 3714; x_wconf 93' lang='lat' dir='ltr'><strong>domo</strong></span> <span class='ocrx_word' id='word_1_248' title='bbox 387 3650 561 3728; x_wconf 90' lang='lat' dir='ltr'><strong>parentum</strong></span> <span class='ocrx_word' id='word_1_249' title='bbox 586 3651 621 3712; x_wconf 92' lang='lat' dir='ltr'><strong>et</strong></span> <span class='ocrx_word' id='word_1_250' title='bbox 645 3664 705 3727; x_wconf 91' lang='lat' dir='ltr'><strong>per</strong></span> <span class='ocrx_word' id='word_1_251' title='bbox 727 3645 964 3727; x_wconf 88' lang='lat' dir='ltr'><strong>patrimonium</strong></span> <span class='ocrx_word' id='word_1_252' title='bbox 986 3645 1220 3727; x_wconf 83' lang='lat' dir='ltr'><strong>emancipatae</strong></span> <span class='ocrx_word' id='word_1_253' title='bbox 1236 3644 1388 3726; x_wconf 78' lang='lat' dir='ltr'><strong>suiJuris</strong></span> <span class='ocrx_word' id='word_1_254' title='bbox 1406 3643 1477 3712; x_wconf 85' lang='lat' dir='ltr'><strong>sint</strong></span> 
     </span>
     <span class='ocr_line' id='line_1_31' title="bbox 269 3748 1477 3834; baseline -0.003 -16"><span class='ocrx_word' id='word_1_255' title='bbox 269 3752 420 3834; x_wconf 88' lang='lat' dir='ltr'><strong>effectae,</strong></span> <span class='ocrx_word' id='word_1_256' title='bbox 435 3752 465 3817; x_wconf 90' lang='lat' dir='ltr'><strong>si</strong></span> <span class='ocrx_word' id='word_1_257' title='bbox 483 3769 626 3834; x_wconf 86' lang='lat' dir='ltr'><strong>sagaces</strong></span> <span class='ocrx_word' id='word_1_258' title='bbox 643 3750 714 3815; x_wconf 93' lang='lat' dir='ltr'><strong>sint</strong></span> <span class='ocrx_word' id='word_1_259' title='bbox 730 3756 765 3815; x_wconf 89' lang='lat' dir='ltr'><strong>et</strong></span> <span class='ocrx_word' id='word_1_260' title='bbox 780 3749 907 3816; x_wconf 86' lang='lat' dir='ltr'><strong>aetatis</strong></span> <span class='ocrx_word' id='word_1_261' title='bbox 923 3749 1104 3833; x_wconf 79' lang='lat' dir='ltr'><strong>legitimae,</strong></span> <span class='ocrx_word' id='word_1_262' title='bbox 1120 3758 1154 3816; x_wconf 89' lang='lat' dir='ltr'><strong>et</strong></span> <span class='ocrx_word' id='word_1_263' title='bbox 1171 3748 1308 3815; x_wconf 89' lang='lat' dir='ltr'><strong>maritos</strong></span> <span class='ocrx_word' id='word_1_264' title='bbox 1324 3750 1477 3817; x_wconf 90' lang='lat' dir='ltr'><strong>habeant</strong></span> 
     </span>
     <span class='ocr_line' id='line_1_32' title="bbox 269 3853 1476 3937; baseline -0.002 -15"><span class='ocrx_word' id='word_1_265' title='bbox 269 3858 428 3923; x_wconf 91' lang='lat' dir='ltr'><strong>bonorum</strong></span> <span class='ocrx_word' id='word_1_266' title='bbox 437 3855 657 3936; x_wconf 87' lang='lat' dir='ltr'><strong>dissipatores</strong></span> <span class='ocrx_word' id='word_1_267' title='bbox 667 3879 673 3918; x_wconf 89' lang='lat'>:</span> <span class='ocrx_word' id='word_1_268' title='bbox 683 3855 770 3918; x_wconf 91' lang='lat' dir='ltr'><strong>bona</strong></span> <span class='ocrx_word' id='word_1_269' title='bbox 779 3872 840 3935; x_wconf 89' lang='lat' dir='ltr'><strong>per</strong></span> <span class='ocrx_word' id='word_1_270' title='bbox 853 3872 889 3919; x_wconf 93' lang='lat' dir='ltr'><strong>se</strong></span> <span class='ocrx_word' id='word_1_271' title='bbox 905 3854 997 3936; x_wconf 88' lang='lat' dir='ltr'><strong>ipsas</strong></span> <span class='ocrx_word' id='word_1_272' title='bbox 1007 3872 1126 3937; x_wconf 81' lang='lat' dir='ltr'><strong>regere</strong></span> <span class='ocrx_word' id='word_1_273' title='bbox 1139 3858 1287 3936; x_wconf 91' lang='lat' dir='ltr'><strong>possunt,</strong></span> <span class='ocrx_word' id='word_1_274' title='bbox 1295 3853 1387 3919; x_wconf 87' lang='lat' dir='ltr'><strong>sicut</strong></span> <span class='ocrx_word' id='word_1_275' title='bbox 1399 3853 1476 3922; x_wconf 89' lang='lat' dir='ltr'><strong>viri.</strong></span> 
     </span>
    </p>
   </div>
   <div class='ocr_carea' id='block_1_7' title="bbox 269 4005 1478 4198">
    <p class='ocr_par' dir='ltr' id='par_1_8' title="bbox 269 4005 1478 4198">
     <span class='ocr_line' id='line_1_33' title="bbox 373 4005 1478 4093; baseline -0.003 -19"><span class='ocrx_word' id='word_1_276' title='bbox 373 4013 447 4076; x_wconf 79' lang='lat'><em>502.</em></span> <span class='ocrx_word' id='word_1_277' title='bbox 471 4008 564 4082; x_wconf 79' lang='lat' dir='ltr'><strong>Quod</strong></span> <span class='ocrx_word' id='word_1_278' title='bbox 592 4008 742 4071; x_wconf 80' lang='lat' dir='ltr'><strong>mulieres</strong></span> <span class='ocrx_word' id='word_1_279' title='bbox 774 4006 908 4070; x_wconf 83' lang='lat' dir='ltr'><strong>tutelam</strong></span> <span class='ocrx_word' id='word_1_280' title='bbox 936 4018 965 4071; x_wconf 88' lang='lat' dir='ltr'><strong>et</strong></span> <span class='ocrx_word' id='word_1_281' title='bbox 988 4029 1099 4070; x_wconf 82' lang='lat' dir='ltr'><strong>caram</strong></span> <span class='ocrx_word' id='word_1_282' title='bbox 1125 4005 1333 4092; x_wconf 76' lang='lat' dir='ltr'><strong>pupillorum</strong></span> <span class='ocrx_word' id='word_1_283' title='bbox 1361 4030 1478 4093; x_wconf 71' lang='lat' dir='ltr'><strong>perere</strong></span> 
     </span>
     <span class='ocr_line' id='line_1_34' title="bbox 269 4112 1477 4198; baseline 0.002 -21"><span class='ocrx_word' id='word_1_284' title='bbox 269 4135 332 4177; x_wconf 83' lang='lat' dir='ltr'><strong>noa</strong></span> <span class='ocrx_word' id='word_1_285' title='bbox 373 4123 521 4198; x_wconf 75' lang='lat' dir='ltr'><strong>poseant.</strong></span> <span class='ocrx_word' id='word_1_286' title='bbox 575 4113 763 4180; x_wconf 88' lang='lat' dir='ltr'><strong>Matertera</strong></span> <span class='ocrx_word' id='word_1_287' title='bbox 816 4113 1046 4196; x_wconf 90' lang='lat' dir='ltr'><strong>orphanorum,</strong></span> <span class='ocrx_word' id='word_1_288' title='bbox 1098 4113 1155 4194; x_wconf 90' lang='lat' dir='ltr'><strong>qui</strong></span> <span class='ocrx_word' id='word_1_289' title='bbox 1199 4112 1325 4180; x_wconf 92' lang='lat' dir='ltr'><strong>nullum</strong></span> <span class='ocrx_word' id='word_1_290' title='bbox 1372 4113 1477 4180; x_wconf 88' lang='lat' dir='ltr'><strong>alium</strong></span> 
     </span>
    </p>
   </div>
   <div class='ocr_carea' id='block_1_8' title="bbox 269 4217 1478 4404">
    <p class='ocr_par' dir='ltr' id='par_1_9' title="bbox 269 4217 1478 4404">
     <span class='ocr_line' id='line_1_35' title="bbox 270 4217 1478 4301; baseline 0 -17"><span class='ocrx_word' id='word_1_291' title='bbox 270 4217 553 4301; x_wconf 79' lang='lat' dir='ltr'><strong>consanguineum</strong></span> <span class='ocrx_word' id='word_1_292' title='bbox 599 4219 725 4284; x_wconf 89' lang='lat' dir='ltr'><strong>habent</strong></span> <span class='ocrx_word' id='word_1_293' title='bbox 770 4222 907 4298; x_wconf 90' lang='lat' dir='ltr'><strong>praeter</strong></span> <span class='ocrx_word' id='word_1_294' title='bbox 949 4236 1031 4300; x_wconf 88' lang='lat' dir='ltr'><strong>eam,</strong></span> <span class='ocrx_word' id='word_1_295' title='bbox 1080 4220 1122 4284; x_wconf 91' lang='lat' dir='ltr'><strong>de</strong></span> <span class='ocrx_word' id='word_1_296' title='bbox 1166 4217 1249 4298; x_wconf 92' lang='lat' dir='ltr'><strong>ipsis</strong></span> <span class='ocrx_word' id='word_1_297' title='bbox 1286 4221 1322 4283; x_wconf 90' lang='lat' dir='ltr'><strong>et</strong></span> <span class='ocrx_word' id='word_1_298' title='bbox 1358 4235 1478 4284; x_wconf 91' lang='lat' dir='ltr'><strong>eorum</strong></span> 
     </span>
     <span class='ocr_line' id='line_1_36' title="bbox 269 4320 1477 4404; baseline 0.002 -16"><span class='ocrx_word' id='word_1_299' title='bbox 269 4322 366 4388; x_wconf 91' lang='lat' dir='ltr'><strong>bonis</strong></span> <span class='ocrx_word' id='word_1_300' title='bbox 411 4322 542 4388; x_wconf 91' lang='lat' dir='ltr'><strong>nomine</strong></span> <span class='ocrx_word' id='word_1_301' title='bbox 588 4320 772 4403; x_wconf 85' lang='lat' dir='ltr'><strong>provisoris</strong></span> <span class='ocrx_word' id='word_1_302' title='bbox 818 4321 1045 4388; x_wconf 91' lang='lat' dir='ltr'><strong>intromittere</strong></span> <span class='ocrx_word' id='word_1_303' title='bbox 1084 4339 1121 4387; x_wconf 91' lang='lat' dir='ltr'><strong>se</strong></span> <span class='ocrx_word' id='word_1_304' title='bbox 1160 4339 1225 4387; x_wconf 91' lang='lat' dir='ltr'><strong>non</strong></span> <span class='ocrx_word' id='word_1_305' title='bbox 1263 4321 1376 4404; x_wconf 90' lang='lat' dir='ltr'><strong>debet,</strong></span> <span class='ocrx_word' id='word_1_306' title='bbox 1416 4324 1477 4390; x_wconf 91' lang='lat' dir='ltr'><strong>sed</strong></span> 
     </span>
    </p>
   </div>
   <div class='ocr_carea' id='block_1_9' title="bbox 0 0 1647 5009">
    <p class='ocr_par' dir='ltr' id='par_1_10' title="bbox 0 0 1647 5009">
     <span class='ocr_line' id='line_1_37' title="bbox 0 0 1647 5009; baseline 0 0"><span class='ocrx_word' id='word_1_307' title='bbox 0 0 1647 5009; x_wconf 95' lang='lat' dir='ltr'><strong> </strong></span> 
     </span>
    </p>
   </div>
  </div>
 </body>
</html>
