3275 5009
518 395 624 448 216
1555 398 1885 454 Sententiae

728 602 947 689 572.a)
980 602 1081 667 De
1094 603 1487 690 piqnoribus
1520 605 1783 688 requlae
1801 606 2154 692 qenai-alca.
2187 608 2261 677 Si
2293 609 2705 693 generaliter
2735 612 2921 677 bona

517 704 698 772 sicut
764 706 1061 792 obligata
1124 713 1195 776 et
1242 715 1479 791 postea
1529 728 1638 778 res
1682 710 1855 779 aliae
1902 712 2293 794 specialiter
2338 713 2601 800 pignori
2646 715 2921 799 dautur,

510 815 778 895 quando
838 831 923 880 ex
981 814 1280 897 generali
1341 814 1754 900 obligatione
1802 817 2024 900 potior
2067 818 2356 885 habetur
2421 819 2733 902 creditor,
2799 819 2919 902 qui

513 921 676 985 ante
731 919 1164 1002 contraxerit,
1237 919 1295 986 si
1350 923 1434 987 ab
1499 920 1612 988 illo
1659 920 1885 1005 priore
1939 923 2365 1006 comparasti,
2442 942 2576 990 non
2639 929 2918 1005 oportet

514 1022 601 1088 ab
663 1039 760 1101 eo,
825 1021 941 1104 qui
999 1028 1238 1105 postea
1299 1024 1604 1110 credidit,
1677 1025 2061 1107 inquietari.
2138 1026 2211 1095 Si
2278 1027 2659 1110 respublica
2730 1028 2923 1109 prior

513 1124 873 1205 contraxit,
931 1126 1310 1208 fundusque
1369 1134 1477 1196 est
1536 1129 1601 1196 ei
1648 1129 2005 1215 obligatae,
2063 1131 2192 1198 tibi
2246 1132 2539 1199 secundo
2592 1130 2924 1198 creditori

509 1229 836 1297 offerendi
905 1233 1249 1314 pecuniam
1315 1237 1620 1316 potestas
1691 1239 1816 1317 est,
1883 1239 1962 1302 ut
2023 1238 2346 1303 succedas
2402 1235 2605 1303 etiam
2671 1235 2743 1302 in
2805 1235 2923 1318 Jus

513 1334 943 1418 reipublicae.

721 1440 803 1506 In
848 1457 1056 1507 causa
1076 1441 1360 1523 judicati
1409 1442 1692 1530 pignora
1737 1461 1822 1510 ex
1867 1445 2277 1512 auctoritate
2330 1444 2661 1527 praesidis
2710 1449 2922 1526 capta

511 1542 740 1625 potius
791 1544 1095 1630 distrahi,
1149 1565 1344 1628 quam
1398 1547 1553 1631 jure
1613 1546 1885 1614 dominii
1941 1550 2273 1631 poss1deri
2336 1565 2768 1616 consuevere.
2844 1546 2921 1614 Si

509 1650 737 1714 autem
780 1667 901 1730 pro
949 1649 1322 1717 calliditate
1369 1651 1838 1734 condempnati
1869 1655 2130 1734 emptor
2172 1651 2465 1719 inveniri
2498 1669 2630 1718 non
2662 1657 2923 1733 potest,

509 1756 678 1818 tunc
723 1754 1133 1821 auctoritate
1177 1754 1503 1838 principis
1550 1756 1903 1823 dominium
1950 1757 2168 1823 addici
2214 1757 2406 1823 solet.

720 1857 875 1942 Eos,
905 1859 1017 1939 qui
1049 1859 1390 1943 accipiunt
1418 1861 1719 1945 pignora,
1759 1864 1913 1929 dum
1944 1862 2015 1930 in
2047 1879 2186 1928 rem
2219 1862 2517 1929 habeant
2548 1859 2918 1943 actionem,

510 1960 883 2045 privilegiis
930 1963 1252 2048 omnibus,
1313 1983 1484 2046 quae
1532 1965 1996 2049 personalibus
2056 1965 2437 2032 actionibus
2498 1968 2917 2046 competunt,

511 2064 842 2148 praeferri
893 2068 1218 2135 constitit.

719 2171 858 2238 Res
920 2171 1219 2257 pignoris
1281 2174 1654 2257 hypotecae
1718 2174 1829 2242 vel
1880 2175 2033 2258 jure
2093 2172 2540 2240 creditoribus
2588 2172 2921 2239 obnoxias

511 2275 692 2342 circa
762 2294 1156 2343 consensum
1217 2295 1440 2344 eorum
1503 2277 1846 2344 debitores
1907 2277 2283 2344 alienantes
2346 2279 2921 2359 praecendentem

511 2398 645 2446 non
685 2380 1067 2448 dissolvunt
1109 2381 1611 2464 obligationem3
1666 2401 1820 2450 nam
1864 2381 2184 2466 obligatio
2234 2381 2529 2468 pignoris
2578 2398 2924 2449 consensu

509 2488 583 2550 et
629 2485 1048 2552 contrahitur
1093 2491 1165 2552 et
1210 2486 1617 2553 dissolvitur.

717 2590 1027 2656 Fundum
1088 2590 1351 2676 pignori
1412 2590 1783 2676 obligatum
1844 2590 1902 2656 si
1962 2589 2228 2657 debitor
2275 2608 2360 2656 ex
2402 2589 2739 2656 fructibus
2790 2591 2911 2658 de-

506 2692 722 2760 bitum
768 2700 1160 2775 prosecutus
1209 2703 1333 2779 est,
1379 2701 1520 2762 tum
1566 2697 1713 2777 ipso
1752 2694 1906 2777 jure
1954 2695 2199 2780 pignus
2265 2693 2675 2779 obligatione
2745 2693 2920 2762 libe·

509 2801 731 2865 ratum
776 2797 875 2866 sic
918 2799 1297 2867 distrahere
1343 2800 1608 2868 minime
1657 2806 1902 2883 potest.

717 2904 1089 2986 Hypotecis
1150 2905 1260 2972 vel
1321 2905 1711 2989 pignoribus
1772 2924 1813 2971 a
1860 2903 2197 2971 creditore
2249 2901 2654 2969 venundatis
2701 2902 2773 2969 in
2821 2905 2916 2984 id,

506 3009 684 3090 quod
745 3009 954 3092 deest,
1016 3011 1340 3077 adversus
1409 3029 1594 3077 reum
1659 3011 1768 3076 vel
1834 3009 2291 3076 fideiussorem
2352 3006 2529 3074 actio
2580 3009 2918 3089 competit

505 3111 848 3178 creditori.

718 3215 1044 3299 Quamdiu
1086 3220 1239 3284 ¹nou
1302 3224 1407 3286 est
1468 3219 1740 3302 integra
1802 3216 2083 3298 pecunia
2143 3214 2466 3282 creditori
2530 3223 2909 3294 numerata,

501 3320 705 3387 etiam
776 3322 834 3387 si
900 3340 1018 3403 pro
1078 3329 1272 3404 parte
1341 3321 1576 3405 maj0ri
1633 3327 2035 3389 consecutus
2102 3321 2195 3386 sit
2261 3337 2425 3403 eam,
2472 3317 2910 3385 distrahendi

501 3443 645 3492 rem
691 3426 1055 3512 obligatam
1100 3446 1232 3495 non
1279 3427 1599 3495 ammittit
1644 3427 2057 3494 facultatem.

711 3531 783 3597 Si
825 3536 1134 3599 cessante
1180 3531 1511 3598 solutione
1556 3529 1893 3613 creditori,
1939 3548 2070 3597 non
2116 3529 2495 3596 reluctante
2543 3527 2695 3611 lege
2742 3545 2905 3593 con-

499 3640 784 3719 tractuS,
805 3655 902 3719 ea,
921 3654 1092 3717 quae
1111 3634 1240 3703 sibi
1257 3635 1522 3720 pignori
1540 3654 1716 3702 nexa
1731 3638 1947 3718 erant,
1964 3631 2303 3716 distraxit,
2325 3648 2647 3698 revocare
2664 3630 2907 3697 vendi·

495 3738 746 3806 tionem
784 3740 1080 3821 iniquum
1126 3746 1264 3821 est;
1311 3759 1478 3824 cum,
1525 3741 1583 3807 si
1629 3740 1787 3820 quid
1832 3739 1903 3804 in
1951 3757 2031 3805 ea
2076 3756 2149 3804 re
2194 3735 2660 3802 fraudulenter
2703 3732 2894 3818 fecit,

501 3861 632 3909 non
679 3849 937 3926 emptor
981 3863 1022 3910 a
1068 3851 1157 3927 te,
1211 3846 1329 3911 sed
1377 3845 1673 3911 creditor
1719 3842 2216 3912 conveniendus
2264 3840 2372 3907 sit.

707 3949 780 4016 Si
839 3947 1224 4031 priusquam
1283 3948 1783 4017 distraheretur
1841 3947 2197 4032 pignorata
2266 3942 2625 4028 possessio,
2692 3960 2899 4025 pecu-

492 4052 674 4120 niam
739 4053 1059 4120 creditori
1117 4052 1443 4138 obtulisti,
1511 4070 1723 4136 eoque
1783 4070 1916 4120 non
1979 4048 2376 4133 accipiente,
2442 4045 2897 4115 attestatione

494 4156 680 4225 facta
747 4176 893 4224 eam
959 4158 1350 4240 deposuisti,
1408 4157 1739 4236 hodieque
1786 4156 1856 4222 in
1901 4157 2135 4221 eadem
2183 4169 2389 4219 causa
2445 4151 2898 4232 permanebit:

499 4260 798 4346 pignoris
830 4259 1182 4327 distractio
1214 4277 1345 4326 non
1377 4259 1593 4339 valet3
1624 4258 1863 4340 quodsi
1894 4258 2094 4340 priua
2126 4274 2323 4339 quam
2353 4253 2647 4337 offerres,
2677 4254 2899 4338 legem

496 4363 906 4431 venditionis
945 4365 1266 4431 exercuit.
1314 4362 1507 4447 Quod
1545 4365 1699 4449 jure
1744 4361 2077 4445 subsistit,
2124 4377 2445 4429 revocare
2488 4376 2622 4424 non
2668 4359 2896 4426 debes,
