3275 5009
850 353 1013 407 Sententiae

435 563 544 649 389a)
573 562 623 626 De
657 563 860 628 incendiaria
894 563 1044 648 fapltiao.
1066 565 1230 631 Incensus
1254 565 1327 631 sive
1357 573 1517 631 crematus

331 664 572 735 incendiarium
594 667 772 752 fugitivum
794 669 829 737 in
851 670 959 736 alieno
972 669 1099 753 judicio
1117 671 1172 736 vel
1185 668 1221 734 in
1237 668 1372 753 proprio
1389 670 1520 754 judicio,

328 790 405 839 cum
428 773 610 854 periculum
629 776 675 838 sit
690 773 724 840 in
739 793 840 854 mora,
856 780 968 857 potest
983 776 1056 842 sine
1071 775 1210 843 licentia
1220 775 1345 860 judicis
1362 795 1518 857 quaerere

329 880 368 942 et
390 877 672 966 comprehendere
695 883 730 944 et
744 877 854 960 ipsum
865 878 971 961 jndlci
986 887 1215 964 praesentare,
1232 886 1267 947 et
1283 899 1325 946 ex
1342 880 1402 948 hoc
1418 883 1519 949 nullas

333 982 506 1050 tenebitur
527 985 571 1050 ad
593 983 759 1050 emendas.

438 1138 543 1221 389.b)
564 1138 615 1203 De
637 1140 838 1203 incendiaria
861 1150 892 1203 et
913 1143 1018 1226 cipum
1038 1163 1181 1227 superea
1195 1140 1319 1226 lipatc'a.
1332 1142 1523 1210 Siincendi·

335 1247 429 1313 arius
450 1244 524 1310 sine
547 1243 653 1330 signis
675 1245 823 1313 incendii
845 1247 1024 1329 praeteriti
1049 1246 1251 1332 (cuiusmodi
1272 1253 1356 1314 sunt
1377 1246 1523 1332 titiones)

333 1354 371 1415 et
392 1349 497 1416 futuri
530 1347 729 1434 (cujusmodi
762 1355 841 1417 sunt
874 1355 990 1420 cartae
1025 1355 1062 1418 et
1093 1350 1232 1438 similia)
1263 1371 1367 1434 super
1396 1369 1435 1418 se
1461 1370 1520 1418 non

332 1454 446 1536 ligatis
470 1471 580 1518 coram
600 1454 725 1538 judicio
749 1459 937 1522 statuatur:
959 1463 1096 1539 propter
1119 1457 1181 1523 hoc
1204 1460 1302 1522 actor
1324 1458 1367 1523 ab
1396 1456 1537 1523 actione.

332 1577 401 1626 uon
422 1557 606 1642 repellitur,
629 1577 690 1626 nec
714 1560 876 1626 obnoxius
899 1566 952 1627 est
976 1562 1147 1628 emendae.

434 1715 538 1800 aeae)
563 1713 613 1778 Da
635 1715 780 1779 incendii
804 1717 930 1778 actione
956 1724 1111 1799 qnantum
1139 1716 1184 1780 od
1211 1714 1336 1798 pluras.
1368 1715 1405 1783 Si
1428 1714 1518 1780 mulli

326 1821 471 1890 cremati
493 1817 735 1890 deliberatione
757 1819 956 1903 praehabita
979 1820 1075 1887 simul
1097 1820 1133 1887 in
1155 1838 1254 1887 unum
1282 1820 1517 1887 incendiarium

329 1943 511 2008 perunum
535 1943 576 1991 ex
600 1925 649 1991 eis
672 1929 788 2007 agant:
811 1928 893 1990 tuuc
916 1922 982 2008 ille,
1005 1923 1035 1990 si
1053 1923 1139 2008 juris
1163 1923 1280 1990 ordine
1303 1929 1339 1990 et
1355 1923 1517 1993 sententie

297 2109 299 2112 ¹
326 2027 509 2096 diffinitiva
532 2030 674 2095 eundern
694 2032 842 2094 actorem
872 2027 1031 2112 evaserit,
1061 2030 1104 2095 ab
1134 2028 1211 2095 aliis
1234 2029 1410 2112 judicatur
1428 2027 1516 2113 J‘ustl·

327 2133 461 2202 tialiter
487 2134 670 2200 absolutus.

432 2288 543 2374 eaeo)
566 2288 631 2352 Pro
654 2289 801 2352 incendio
825 2290 972 2354 dominus
996 2289 1094 2354 uillae
1118 2313 1179 2354 nun
1204 2299 1316 2374 polest
1338 2286 1517 2373 specialiter

327 2417 431 2480 apere.
455 2392 614 2475 Quamvis
638 2393 767 2460 domino
792 2413 851 2476 pro
876 2399 1023 2462 cremata
1056 2396 1138 2462 villa
1172 2395 1317 2478 speciale
1349 2396 1515 2476 dampnum

328 2497 516 2581 contingat:
529 2505 640 2564 tamen
656 2497 684 2564 si
701 2516 779 2563 reus
794 2499 941 2567 incendii
956 2499 1122 2567 actionem
1134 2500 1334 2566 villanorum
1347 2499 1516 2565 secundun

323 2602 493 2688 justitiam
520 2602 752 2686 declinaverit,
782 2603 934 2670 dominus
963 2604 1065 2673 villae
1095 2605 1275 2685 specialem
1303 2603 1369 2670 sibi
1392 2617 1514 2669 movere

327 2722 394 2773 non
417 2707 542 2789 poterit
573 2707 810 2790 quaestionem,
841 2721 914 2777 cum
944 2727 1010 2774 non
1040 2708 1085 2775 sit
1116 2707 1307 2792 verisimile,
1329 2707 1514 2776 villanorum

328 2810 494 2878 actionem
516 2811 668 2877 latuisse.

431 2951 535 3032 389a)
581 2949 785 3035 Quicumque
828 2971 887 3033 pro
924 2957 1022 3036 parte
1061 2951 1185 3018 actoris
1223 2951 1370 3018 incendii
1411 2965 1511 3016 coram

304 3054 451 3146 ¹judicio
473 3055 696 3136 personaliter
719 3060 948 3138 comparentes
970 3056 1134 3139 laborant,
1158 3056 1271 3122 verbis
1295 3060 1332 3121 et
1345 3054 1445 3121 factis
1460 3068 1511 3116 seu

325 3158 475 3226 consiliis
499 3159 606 3240 ipsum
628 3158 781 3240 fovendo,
804 3163 840 3226 et
864 3177 922 3242 pro
938 3178 986 3244 eo,
1008 3169 1170 3241 quantum
1186 3164 1337 3243 possunt,
1355 3156 1511 3224 iaciendo:
1579 3200 1581 3258 l

325 3281 420 3329 reum
443 3263 597 3346 incendii,
620 3265 650 3331 si
672 3269 820 3331 actorem
857 3264 978 3348 evadit,
998 3266 1073 3348 jure
1097 3265 1131 3330 in
1155 3281 1289 3330 causam
1313 3264 1509 3330 novamtm·
1579 3259 1581 3387 Ι

305 3367 408 3434 'here
431 3385 497 3433 non
521 3372 679 3450 possunt3
702 3367 844 3434 maxime
875 3369 918 3434 de
947 3368 1100 3434 incendio
1133 3385 1196 3434 nno
1227 3373 1377 3448 tempore
1401 3376 1435 3433 et
1456 3379 1510 3429 uno

325 3471 399 3538 loco
422 3471 522 3540 facto.
553 3471 657 3539 Secus
680 3481 793 3539 autem
817 3479 919 3557 esset,
947 3473 977 3538 ai
998 3471 1087 3539 forte
1110 3473 1152 3539 de
1176 3470 1329 3539 incendio
1352 3470 1417 3538 alio
1438 3475 1509 3535 tem·

327 3593 408 3657 pore
433 3581 468 3643 et
489 3576 555 3644 alio
578 3578 651 3644 loco
673 3576 763 3642 facto
793 3577 983 3658 inciperent
1012 3594 1123 3658 agere,
1147 3580 1181 3642 et
1204 3574 1395 3658 praecipue,
1428 3572 1453 3639 si
1474 3569 1507 3634 de
1578 3570 1579 3577 ’

327 3677 390 3746 tali
406 3679 538 3748 actione
555 3681 679 3765 futura,
694 3685 846 3764 tempore
861 3680 1039 3762 primorum
1054 3679 1252 3763 placitorum
1270 3698 1382 3746 coram
1400 3673 1507 3757 iudiclo

323 3801 531 3868 expressam,
554 3783 819 3866 interposuerint
841 3785 1131 3867 protestationem.

516 3973 762 4057 Capitulum
784 3971 951 4040 XXXIV:
980 3973 1039 4039 De
1061 3971 1337 4038 interdictis.

430 4113 504 4179 390.
530 4111 577 4176 De
600 4113 782 4180 interdicto.
806 4111 972 4180 Prioritas
995 4111 1050 4182 vel
1072 4111 1307 4194 posterioritas
1336 4102 1506 4179 interdicti·

303 4215 399 4322 'onis
420 4217 473 4302 jus
496 4213 649 4284 absolute
672 4236 737 4284 non
760 4220 911 4302 generat,
941 4213 1023 4282 licet
1045 4233 1147 4298 super
1165 4215 1242 4299 jnre
1265 4215 1442 4283 obtinendo
1461 4204 1505 4321 vel

325 4323 584 4388 demonstrando
606 4321 799 4405 aliqualiter
822 4323 1013 4387 attestetur.
1037 4319 1134 4385 Unde
1157 4319 1309 4386 dominus
1334 4322 1503 4387 braxatonl
