3275 5009
803 936 873 1005 111.

239 1132 310 1203 Hic
332 1132 514 1202 notantur
543 1126 773 1199 diffinitivae
802 1124 1026 1199 sententiae.
1049 1140 1146 1210 quae
1169 1138 1286 1208 super
1309 1120 1439 1191 causis

240 1236 368 1306 dubiis
398 1233 566 1304 diversis
597 1230 824 1302 civitatibus
853 1232 894 1299 et
922 1226 1076 1315 oppidis
1105 1226 1170 1296 hie
1197 1226 1239 1296 in
1270 1224 1440 1313 Yglavia

234 1340 325 1428 jnra
347 1335 633 1425 requirentibus
663 1335 703 1404 in
735 1332 894 1420 scriptis
926 1335 1018 1403 sunt
1047 1330 1298 1401 transmissae
1327 1330 1367 1398 et
1397 1329 1439 1398 in

238 1445 409 1515 futurum
431 1459 616 1528 processu
635 1438 820 1525 temporis
837 1436 1160 1520 transmittentur,
1177 1438 1217 1505 et
1232 1433 1437 1522 praecipue

239 1568 355 1635 super
385 1545 530 1617 talibus
562 1544 701 1627 causis,
732 1560 893 1629 quarum
916 1540 1128 1610 declaratio
1150 1539 1192 1610 in
1214 1535 1437 1626 privilegiis

238 1651 379 1741 jurium
417 1647 590 1720 civitatis
629 1652 785 1719 nostrae
822 1645 1059 1733 Iglauiensis
1095 1664 1172 1714 non
1210 1642 1439 1730 exprimitur

735 1750 945 1821 evidenter.

343 1946 464 2019 1..De
499 1948 741 2029 juratorum
781 1941 1046 2009 testimonio.
1084 1942 1225 2007 Juratus
1264 1940 1297 2005 in
1334 1957 1437 2004 causa

238 2052 372 2134 propria
395 2051 458 2117 sibi
483 2049 548 2131 ipsi
572 2053 689 2114 contra
712 2048 839 2114 nullum
863 2046 1026 2112 homiuem
1054 2043 1279 2111 testimouium
1310 2041 1437 2124 poterit

238 2157 423 2240 perhibere.

340 2278 370 2341 2.
395 2306 435 2331 =
462 2275 551 2359 dab)

341 2397 371 2461 3.
405 2398 540 2463 Pater
574 2414 654 2461 non
689 2401 838 2477 potest
877 2393 1172 2461 testimouium
1210 2392 1328 2458 ferre
1361 2409 1436 2471 pro

235 2502 333 2567 filio.
373 2500 619 2568 sententiatum
658 2500 724 2565 fuit
762 2499 899 2567 rusticis
934 2498 969 2564 in
1003 2496 1294 2566 Eberhartsdorff:
1332 2496 1437 2561 Pater

236 2607 386 2673 existens
408 2610 539 2688 juratus
563 2603 629 2668 filio
654 2621 714 2668 suo
741 2603 874 2668 uterino
906 2622 964 2685 pro
996 2603 1199 2680 vulneribus,
1230 2619 1315 2683 quae
1347 2598 1437 2665 idem

235 2710 324 2777 filius
347 2709 413 2775 sibi
436 2708 564 2774 inflicta
586 2707 691 2773 fuisse
723 2726 783 2789 per
806 2710 971 2787 quendam
1003 2707 1102 2773 alium
1136 2706 1273 2771 dicebat
1305 2709 1341 2769 et
1372 2705 1435 2769 hoo

209 2807 212 2812 ’
236 2820 366 2897 patrem
389 2831 483 2877 suum
507 2811 641 2889 vidisse,
665 2812 788 2878 testari
810 2831 877 2877 non
900 2817 1021 2894 potest.

338 2936 368 3000 4.
393 2963 433 2989 --
459 2936 547 3017 68a)

340 3057 368 3118 5.
390 3055 452 3120 De
483 3053 732 3119 testimonii
765 3055 1078 3136 suspicatione.
1109 3054 1356 3120 sententiatum
1382 3059 1436 3119 ast

235 3161 365 3226 civibus
389 3158 650 3224 Ohutnensibus:
684 3159 824 3243 Quando
851 3159 975 3243 juratis
1007 3161 1062 3226 vel
1089 3159 1197 3243 judici
1231 3157 1434 3241 specialiter,

234 3266 288 3331 vel
312 3263 412 3347 parti,
435 3272 552 3328 contra
576 3281 671 3342 quam
696 3262 777 3328 ferri
801 3264 903 3328 debet
932 3263 1167 3346 testimonium,
1195 3263 1339 3344 suspicio
1371 3270 1434 3345 est,

235 3371 321 3450 quod
344 3374 451 3434 testes
475 3368 758 3434 sinistretestari
783 3372 818 3433 et
841 3371 1008 3449 deponere
1032 3367 1138 3434 velint
1159 3368 1341 3448 antenore,
1357 3366 1432 3432 odio

234 3476 290 3540 vel
312 3473 442 3554 timore,¹
467 3473 566 3539 aliter
601 3490 698 3552 quam
732 3472 862 3538 veritas
896 3490 932 3538 se
967 3472 1086 3537 habet:
1115 3472 1215 3538 iidem
1250 3478 1356 3537 testes
1389 3473 1432 3536 ab

234 3579 378 3645 invicem
401 3576 554 3657 separari
576 3582 611 3642 et
635 3576 739 3642 dividi
762 3581 905 3658 possunt
929 3582 964 3643 et
980 3575 1175 3661 singillatim
1198 3593 1299 3657 super
1322 3593 1433 3658 causa,

234 3685 275 3749 de
310 3702 376 3762 qua
409 3680 531 3745 testari
564 3682 697 3762 debent,
732 3682 773 3745 de
807 3682 888 3757 loco,
926 3687 1076 3762 tempore
1111 3687 1146 3745 et
1181 3679 1257 3745 aliis
1291 3677 1433 3761 singulis

236 3784 498 3853 circumstantiis
533 3805 552 3850 a
584 3785 708 3868 juratis
743 3784 866 3863 inquiri
901 3794 936 3850 et
970 3784 1149 3866 peraudiri‚
1183 3789 1218 3850 et
1251 3785 1432 3849 secuudum

233 3893 296 3957 hoc
319 3896 438 3971 postea
461 3891 600 3970 possunt
624 3889 666 3953 ad
690 3887 892 3953 sententiam
916 3890 1098 3971 procedere
1114 3887 1335 3954 diffinitivam.
1358 3887 1432 3952 Hoc

233 4001 346 4061 tamen
376 3993 450 4059 fieri
479 3994 589 4073 debet,
612 3999 789 4072 antequam
824 3996 931 4057 testes
964 4012 1094 4060 manum
1127 3994 1299 4074 imponant
1331 3991 1432 4057 cruci.

339 4130 367 4196 6.
391 4131 432 4197 Si
459 4130 602 4214 jurati
633 4130 894 4197 divisionem
929 4132 1108 4197 testium
1141 4129 1320 4207 faciunt,
1354 4131 1431 4196 hoc

234 4255 315 4303 non
338 4238 469 4301 debet
491 4235 586 4300 fieri
609 4254 657 4300 ex
681 4236 776 4301 odio
800 4236 938 4302 alicui
962 4235 1089 4316 parti.
1114 4235 1361 4302 sententiatum
1377 4241 1432 4301 est

234 4340 375 4419 eisdem:
410 4338 445 4404 Si
477 4340 581 4421 judex
615 4347 649 4403 et
679 4340 785 4421 jurati
821 4339 955 4422 proprio
990 4346 1081 4405 motu
1109 4340 1208 4406 talem
1233 4337 1431 4406 divisionem
