3275 5009
90 2606 92 2612 Α
73 2406 86 2547 ναν-’ς

949 342 1244 394 Addenda:
1287 343 1616 396 Sententiae
1656 344 2025 413 Iglavienses.
2583 353 2684 401 252ss

1255 550 1427 615 Ante
1472 556 1589 615 art.
1638 550 1738 616 59.

503 706 566 768 4.
622 704 732 769 De
777 706 1249 771 'advocatis
1298 708 1798 788 capitulum.
1873 709 2351 774 Advocatinnis
2399 713 2684 777 officinm-

310 822 426 869 non
474 812 579 871 est
625 811 1085 891 respuendum,
1133 829 1278 875 cum
1326 812 1526 876 etiam
1561 813 1943 893 imperiales
1976 813 2491 881 constitut-iones
2531 817 2684 881 huic

308 907 510 976 officio
558 911 819 977 laudem
866 914 1265 998 attribuant,
1312 916 1648 982 dicentes:
1717 917 2014 982 Militant
2074 936 2355 997 namque
2419 921 2684 1001 patruni

308 1030 664 1096 causarum,
713 1018 824 1095 qui
872 1018 1179 1100 gloriosis
1245 1020 1519 1084 vocibus
1589 1020 1818 1085 confisi
1883 1020 2323 1085 laborantium
2383 1041 2565 1101 spem
2615 1033 2684 1089 et

306 1116 503 1182 vitam
552 1120 933 1188 defendunt.
979 1123 1119 1188 Nec
1167 1125 1379 1189 minus
1428 1126 1743 1189 dicuntur
1789 1125 1884 1189 rei
1919 1126 2223 1205 publicae
2255 1137 2323 1189 et
2359 1129 2680 1209 singulari

305 1221 579 1290 utilitati
626 1226 1059 1309 singulariter
1106 1230 1478 1308 providere,
1526 1248 1721 1307 quam
1767 1229 1823 1294 si
1857 1248 1974 1309 pro
2008 1233 2419 1294 utilitatibus
2451 1233 2676 1313 ,singn-

301 1323 501 1392 lorum
551 1329 821 1410 clypeis,
868 1331 1255 1396 thoracibus
1319 1337 1387 1396 et
1457 1333 1700 1414 gladiis
1769 1338 2139 1413 uterentur,
2211 1349 2527 1413 parentes
2599 1357 2680 1401 an

302 1433 579 1509 patriam
627 1438 1105 1504 conservando.
1151 1436 1341 1502 Unde
1389 1437 1807 1517 experientia
1855 1437 1952 1503 rei
1989 1439 2199 1518 docet,
2231 1437 2443 1517 ipsum
2479 1441 2680 1505 adru-

301 1534 576 1600 cationis
637 1536 920 1602 officium
967 1557 1116 1605 esse
1160 1540 1228 1605 in
1276 1542 1573 1606 omnibus
1616 1541 1890 1624 judiciis
1926 1553 2383 1624 opportunum.
2433 1545 2680 1609 Tamen

297 1638 348 1703 si
395 1652 626 1719 partes
672 1642 1077 1722 principales
1123 1649 1355 1710 tantae
1389 1644 1643 1711 fuerint
1676 1645 2099 1712 discretionis
2135 1653 2203 1709 et
2235 1649 2676 1729 eloquentiae,

297 1750 608 1822 poterunt
676 1765 795 1826 per
863 1766 937 1813 se
1008 1750 1453 1828 personaliter
1520 1753 1870 1831 advocare,
1941 1751 2135 1816 venia
2207 1761 2427 1813 tamen
2499 1753 2676 1829 prius

294 1865 330 1910 a
363 1849 591 1931 judice
637 1851 1014 1932 impetrata.

1253 2012 1404 2075 Post
1450 2016 1567 2075 art.
1617 2010 1716 2074 66.

493 2166 559 2231 5.
609 2165 922 2232 Mulieres
969 2167 1129 2234 licet
1174 2169 1511 2234 discretae
1560 2170 1698 2232 sint
1740 2172 1815 2233 et
1845 2167 2187 2245 facundae,
2223 2173 2439 2229 tamen
2475 2169 2676 2229 adrn-

291 2271 543 2334 candae
574 2288 706 2336 non
752 2272 1214 2338 admittuntur.
1259 2273 1557 2353 Reprobi
1602 2273 1803 2342 etiam
1850 2279 1920 2337 et
1967 2269 2543 2353 praevaricatores
2591 2273 2676 2337 ab

289 2371 501 2438 officio
564 2376 1023 2441 advocationis
1071 2381 1228 2441 sunt
1275 2377 1547 2457 exclusi,
1610 2396 1693 2441 ne
1741 2378 1896 2442 boni
1962 2377 2291 2442 consortio
2359 2377 2672 2441 innlnrnm

289 2476 736 2556 inquinentur.
769 2480 991 2545 Etiam
1024 2481 1336 2547 advocati
1370 2500 1499 2547 non
1534 2491 1692 2546 sunt
1725 2481 2159 2562 compellendi
2191 2481 2403 2553 inviti,
2443 2493 2676 2545 contra

287 2599 435 2646 suos
485 2584 1014 2667 consanguineos
1062 2604 1269 2665 usque
1316 2588 1400 2649 ad
1449 2585 1525 2650 V.
1559 2585 2163 2668 consanguinitatis
2199 2585 2439 2649 lineam
2471 2585 2672 2649 adrn-

288 2704 471 2769 care;
524 2706 738 2766 neque
786 2696 1019 2754 contra
1068 2696 1441 2771 compatres
1490 2707 1704 2769 neque
1754 2695 1987 2755 contra
2034 2697 2367 2770 pati-unns,
2415 2705 2499 2753 sc.
2551 2705 2672 2753 nen

289 2800 523 2856 contra
587 2792 757 2874 illos,
827 2793 1065 2872 quibus
1130 2795 1391 2860 ratione
1457 2795 1792 2859 vendendi
1858 2793 1964 2859 vel
2028 2793 2284 2858 emendi
2351 2793 2672 2873 [imaginun

285 2893 588 2978 fecerint,
658 2916 779 2961 nec
846 2904 1081 2964 contra
1144 2899 1490 2964 naturales
1558 2898 1853 2964 dominos
1917 2916 2092 2979 suos,
2155 2897 2311 2973 qnia
2379 2897 2668 2961 naturali

286 2998 599 3081 displicet
664 3002 927 3083 rationi,
1004 3003 1124 3069 has
1198 3022 1513 3084 personas
1584 3004 1956 3068 adinvicem
2026 3001 2359 3077 aliquibus
2443 3001 2672 3081 displi-

286 3104 528 3170 centiis
577 3123 959 3186 provocare.

1246 3272 1399 3336 Post
1446 3276 1564 3335 art.
1613 3270 1713 3333 67.

494 3430 555 3496 6.
606 3429 667 3494 D
693 3446 729 3495 e
763 3428 1051 3510 pretio
1095 3448 1569 3509 preconum.
1616 3427 1688 3491 Si
1721 3426 1868 3506 quis
1900 3427 2167 3507 preconi
2207 3433 2676 3505 praesentatus

285 3531 490 3598 fuerit
522 3538 591 3598 et
621 3535 797 3615 apud
830 3533 1043 3613 ipsum
1077 3532 1598 3614 pernoctaverit,
1639 3531 1828 3596 dabit
1860 3533 2127 3612 preconi
2163 3529 2323 3593 ‚xlv
2363 3529 2670 3593 dssssflrissffi

289 3656 527 3717 parvos
574 3645 644 3702 et
691 3637 859 3701 nihil
907 3640 990 3702 de
1036 3637 1175 3703 suis
1207 3641 1407 3703 rebus
1444 3636 1724 3716 amplius
1756 3634 2046 3716 accipiat
2078 3653 2291 3713 preco.
2339 3633 2411 3697 :tii
2447 3641 2664 3697 antem

286 3758 412 3805 non
461 3741 980 3824 pernoctaverit,
1030 3742 1219 3806 dabit
1265 3742 1327 3807 ei
1361 3760 1479 3806 sex
1512 3739 1822 3806 denarios
1857 3747 1927 3805 et
1956 3738 2127 3803 liber
2163 3737 2387 3817 exiliit,
2423 3737 2668 3801 nnllam

288 3843 352 3907 in
396 3847 596 3910 rebus
645 3844 783 3909 suis
833 3844 1173 3910 sustinens
1220 3846 1597 3911 laesionem.

454 3955 552 4067 ⁸7.
600 4002 717 4067 De
766 4000 1280 4067 causidicis.
1326 4001 1408 4065 It.
1456 4000 1942 4066 sententiatum
1991 4002 2094 4063 est
2143 3997 2243 4061 lii-:3
2295 3997 2360 4061 in
2411 3997 2672 4077 Iglarin

288 4123 401 4185 pro
451 4104 800 4171 homicidio
848 4104 1184 4171 Waltheri
1215 4107 1296 4169 de
1330 4105 1650 4187 Loboten,
1684 4106 1854 4182 quod
1889 4103 2106 4168 nullus
2139 4101 2515 4165 nairisidicus
2551 4117 2668 4177 pru

288 4209 629 4275 homicidio
696 4215 766 4275 et
830 4208 1057 4275 arduis
1125 4208 1366 4292 causiS,
1433 4227 1691 4290 corpus,
1756 4226 1864 4273 res
1933 4213 2002 4271 et
2067 4206 2351 4270 hssflffl'ffi
2399 4213 2672 4285 tangen-

289 4312 462 4377 tibus
510 4313 936 4394 plurimorum
983 4315 1256 4378 verbum
1304 4312 1482 4390 loqui
1524 4311 1792 4392 poterit,
1826 4328 2018 4388 quam
2051 4309 2259 4373 unius.
2315 4305 2463 4389 agl.
2503 4305 2672 4373 1:35²}

391 4448 533 4490 codex
558 4450 638 4497 jur.
667 4450 768 4489 boh.
799 4450 853 4491 11.
886 4458 919 4490 4.
2331 4425 2339 4429 “
2403 4429 2467 4477 lli
