3275 5009
31 713 33 734 r

31 739 33 766 t

678 364 844 418 Brunenses.
1305 368 1359 419 257

265 575 340 637 669.
364 574 441 635 Post
472 573 742 635 renuntiationem
773 579 903 636 testium
933 594 995 633 nou
1022 572 1228 655 recipiuntur
1252 584 1357 643 tratas.

162 679 226 763 Qui
245 697 357 744 noram
370 677 496 761 judicio
513 678 730 759 solempniter
744 678 918 743 renuntiat
934 676 1087 754 testibus,
1103 696 1122 741 a
1139 680 1356 759 productione

159 785 307 859 testium,
335 784 369 847 iu
400 784 514 847 eadem
549 785 714 871 duntaxat
749 800 861 863 causa,
895 782 961 847 uisi
992 781 1117 861 aliquid
1151 783 1238 866 novi,
1271 788 1356 862 quod

159 888 291 971 indiget
314 885 453 967 speciali
476 885 683 970 probatione,
706 885 922 963 interveniat,
945 886 1151 967 prohibetur.

264 1028 340 1093 670.
366 1024 472 1087 Testes
495 1036 634 1109 propter
655 1028 765 1108 partis
796 1027 952 1088 aduersae
977 1023 1157 1107 fallacium
1191 1046 1251 1087 uon
1282 1038 1357 1089 suut

159 1128 348 1213 repellendi.
381 1130 417 1196 si
439 1149 518 1211 pars
541 1130 736 1198 adversario
760 1149 818 1197 suo
843 1129 1048 1213 probationis
1072 1131 1198 1213 copiam
1222 1132 1355 1198 subtra-

157 1236 238 1301 here
278 1236 393 1301 volens
431 1236 602 1319 astringat
637 1237 765 1315 aliquos
799 1236 999 1317 jnramento,
1042 1254 1083 1299 ne
1120 1236 1357 1319 testimonium,

159 1339 334 1405 consilium
368 1345 403 1401 et
436 1338 594 1404 auxilium
625 1339 694 1405 sibi
729 1342 931 1419 praebeant:
969 1339 1031 1405 tali
1062 1341 1250 1422 Juramento
1274 1349 1355 1405 'non

158 1447 327 1523 obstante,
351 1443 380 1508 si
403 1462 464 1523 per
486 1444 717 1509 adversarium
741 1442 895 1524 producti
911 1442 1045 1520 tuerint,
1063 1462 1174 1507 eorum
1191 1450 1243 1507 est
1258 1443 1353 1509 testi-

157 1548 301 1613 monium
325 1548 534 1614 audiendum.

261 1688 335 1751 671.
358 1683 538 1749 Accusatus
562 1686 601 1749 cic
617 1687 749 1748 crimine
765 1694 838 1747 aute
855 1685 1071 1747 accusationis
1087 1688 1355 1767 cupurpationcm

156 1793 273 1853 testari
295 1812 357 1851 non
378 1800 496 1872 potest.
520 1790 556 1855 Si
577 1790 699 1869 aliquis
724 1794 777 1854 est
801 1792 979 1853 accusatus
1004 1790 1044 1853 de
1068 1790 1214 1872 crimine,
1237 1792 1353 1856 statim

157 1898 302 1977 gravata
336 1899 389 1959 est
413 1894 484 1975 ejus
508 1893 638 1975 opinio,
669 1895 757 1958 unde
789 1912 855 1958 nou
888 1894 988 1959 debet
1020 1893 1053 1957 in
1087 1894 1279 1960 criminibus
1312 1896 1354 1959 ad

155 1998 382 2064 testimonium
405 1997 535 2080 adduci,
558 1998 624 2063 uisi
648 1998 741 2078 prius
765 2016 801 2062 se
826 1996 1019 2077 probaverit
1039 1996 1353 2078 innocentemque

154 2107 262 2168 testes
285 2102 357 2167 sine
381 2104 468 2167 omni
491 2102 681 2183 suspicione
706 2109 740 2167 et
763 2101 900 2167 infamia
924 2120 998 2167 esse
1022 2103 1155 2167 debent.

259 2243 342 2314 672„
350 2243 423 2305 673.
434 2242 483 2303 De
493 2241 829 2324 testimouiafratruua
840 2243 873 2301 t'n
883 2262 982 2302 causa
991 2238 1165 2305 criminali.
1173 2240 1350 2307 Sciendum

154 2352 216 2423 est,
241 2349 328 2427 quod
351 2347 459 2413 irater
477 2364 536 2427 pro
551 2345 659 2411 fratre
675 2346 710 2411 in
726 2364 830 2411 causa
846 2346 1018 2427 criminali,
1035 2349 1115 2425 puta
1131 2344 1229 2427 furto,
1244 2344 1352 2427 spolio

153 2456 188 2517 et
211 2451 406 2532 nujusmodi,
429 2450 552 2515 testari
574 2469 640 2515 non
665 2455 785 2530 potest.
816 2450 858 2515 It.
882 2452 911 2515 si
935 2469 1011 2515 reus
1033 2451 1076 2515 ad
1100 2452 1350 2533 expurgandum

154 2574 190 2620 se
215 2558 257 2620 de
281 2555 418 2621 crimine
443 2554 507 2620 sibi
529 2554 684 2635 imposito
708 2561 839 2620 statuat
861 2554 985 2619 tratres
1010 2572 1086 2619 suos
1111 2572 1170 2635 pro
1194 2554 1351 2637 testibus,

153 2670 187 2725 et
210 2660 261 2725 iili
283 2679 344 2741 per
366 2658 598 2741 exceptionem
620 2659 744 2723 actoris
767 2660 990 2740 repellantur:
1015 2658 1081 2722 nisi
1103 2677 1179 2723 reus
1200 2660 1291 2739 prius
1309 2662 1350 2723 do

153 2764 345 2829 statuendis
380 2764 455 2828 aliis
489 2763 635 2828 testibus
666 2764 945 2843 protestationem
979 2762 1070 2844 iecit,
1104 2782 1162 2843 pro
1189 2762 1351 2827 iratribus

152 2868 296 2951 repulsis
320 2869 405 2933 alios
429 2873 581 2936 statuere
598 2887 663 2932 non
682 2873 810 2948 potest,
835 2872 888 2932 est
904 2866 989 2931 enim
1006 2866 1145 2932 veritati
1162 2884 1350 2948 consonum,

153 2976 402 3054 quodpropter
431 2972 615 3037 carentium
648 2972 785 3037 testium
814 2970 940 3037 iratres
973 2970 1095 3035 statuit
1127 2970 1231 3050 prima
1267 2970 1352 3035 vioe.

258 3075 323 3159 Qui
357 3076 446 3141 inter
479 3075 563 3142 alios
597 3080 695 3141 extra
732 3075 845 3139 natale
880 3076 983 3140 solum
1017 3075 1210 3140 habitantes
1248 3076 1347 3158 longo

152 3184 301 3262 tempore
314 3179 491 3245 manifeste
507 3181 657 3245 omnibus
675 3180 889 3245 audientibus
907 3179 1051 3244 confessi
1068 3185 1153 3256 suut,
1171 3198 1207 3244 se
1223 3178 1348 3244 iratres

153 3284 304 3349 carnales
328 3302 412 3365 esse,
436 3303 520 3349 unus
545 3274 673 3349 illorum
696 3284 877 3366 ingruente
905 3285 1109 3349 necessitate
1140 3303 1206 3349 non
1237 3288 1349 3363 potest

154 3389 251 3454 alium
268 3408 327 3469 pro
343 3392 434 3454 teste
450 3394 612 3470 statuere,
629 3389 780 3467 quamvis
793 3389 983 3470 juramento
1000 3389 1122 3453 dictam
1138 3386 1349 3452 manifestam

154 3492 391 3558 confessionem
416 3493 545 3558 nitatur
566 3493 753 3572 infirmare3
776 3508 812 3556 et
838 3493 901 3557 hoc
923 3496 1061 3572 petente
1086 3492 1290 3569 adversario,
1314 3496 1348 3555 et

154 3596 185 3659 in
201 3597 335 3673 causis,
366 3616 426 3677 pro
458 3595 578 3675 quibus
608 3594 716 3661 irater
748 3614 807 3677 pro
838 3595 944 3661 fratre
975 3596 1098 3661 testari
1129 3613 1194 3659 uon
1226 3598 1348 3675 potest.

254 3754 329 3817 674.
361 3751 426 3824 Qui
452 3751 529 3815 bina
551 3754 618 3815 uc'cc
649 3755 686 3815 dc
710 3752 808 3835 furto
839 3774 870 3813 sc
901 3751 1107 3835 eupuraabit,
1132 3751 1347 3811 testimouium

152 3855 262 3937 facere
274 3879 336 3919 non
347 3868 463 3941 potest.
481 3858 567 3923 Bina
583 3858 656 3924 vice
674 3876 733 3939 pro
748 3856 839 3922 furto
855 3862 1041 3935 accusatus,
1057 3854 1208 3935 quamvis
1223 3853 1347 3919 furtum

155 3963 237 4041 apud
260 3963 370 4043 ipsum
393 3962 566 4026 inventum
589 3980 656 4026 non
677 3961 790 4044 fuerit,
820 3961 970 4040 quamvis
999 3960 1100 4025 etiam
1123 3977 1159 4023 se
1183 3976 1345 4039 expurga-

154 4065 246 4148 verit,
277 4066 385 4131 adhuc
413 4069 531 4145 postea
554 4083 686 4146 semper
709 4084 728 4131 a
752 4065 943 4132 testimonio
967 4064 1119 4148 rejicitur
1142 4068 1179 4127 ut
1202 4062 1345 4127 infamis.

254 4222 326 4286 675.
348 4223 419 4294 ‚De
455 4230 639 4284 testamento
667 4224 859 4304 juratorum
895 4223 928 4283 t'u
955 4220 1073 4303 factis,
1112 4241 1190 4301 quae
1221 4240 1281 4299 per
1314 4238 1345 4278 sa

158 4321 266 4405 sciunt,
281 4324 331 4387 ael
343 4346 422 4407 quac
436 4347 456 4387 a
468 4326 538 4387 suis
551 4326 731 4409 conjuratis
745 4304 895 4391 audiunt.⁴
906 4326 930 4391 J
932 4324 1029 4407 arati,
1042 4324 1100 4404 qui
1117 4323 1345 4389 contractibus

203 4458 273 4501 Codex
285 4461 327 4509 jur.
341 4461 392 4501 boh.
407 4462 433 4501 11.
448 4465 468 4501 4.
1203 4445 1236 4495 17
