3275 5009
279 351 331 404 148
354 359 357 365 ·
796 348 962 404 Sententiae

385 556 457 621 338.
481 556 532 620 De
556 556 749 622 hereditatis
771 559 1057 642 appropriatione.
1079 559 1261 627 Hereditas
1278 560 1308 628 si
1322 563 1483 644 pluribus

279 659 501 728 creditoribus
524 679 585 744 per
606 659 773 728 hastulam
796 660 1001 746 (vulgariter
1022 662 1147 730 dictam
1160 665 1282 750 span)
1306 665 1482 734 ordinarie

275 763 381 832 fuerit
399 764 626 850 appropriate,
643 765 794 846 quamvis
811 766 934 848 primm
951 767 1100 834 creditor
1113 768 1299 836 debitorem
1315 769 1485 853 induciet,

277 873 391 936 tamen
413 870 579 935 secundus
609 869 664 938 vel
693 869 815 937 tertius
839 869 948 952 ipsum
970 872 1013 937 00
1034 872 1225 939 hereditate
1245 874 1387 959 pellens,
1404 894 1478 943 eam

277 979 391 1055 potest
414 967 561 1042 vendere
576 974 632 1041 vel
648 971 714 1041 alio
729 975 825 1041 modo
839 973 875 1040 in
891 975 1045 1042 denarios
1061 983 1270 1045 convertere.
1293 979 1346 1047 De
1360 978 1475 1062 huq‘us·

276 1077 500 1144 meditamen
523 1077 671 1145 denariis
695 1077 819 1160 primus
844 1079 1100 1147 oreditorante
1130 1088 1311 1161 sequentes
1337 1086 1381 1150 de
1404 1084 1484 1152 suis·

277 1180 402 1248 debitis
425 1187 479 1248 est
501 1182 686 1266 pagandus.

382 1303 458 1368 339.
486 1303 539 1367 Da
568 1302 761 1368 hereditatio
790 1305 974 1388 adeptione.
1007 1306 1190 1374 Hereditas
1220 1311 1275 1375 vel
1305 1311 1489 1392 possessio

277 1407 478 1491 adipiseitur
500 1410 543 1474 ab
565 1408 845 1487 antecessoribus,
875 1409 1062 1493 conjuretis
1091 1415 1251 1496 personis,
1274 1417 1479 1494 quandoque

278 1531 319 1578 ex
341 1517 603 1579 testamento'et
625 1514 825 1594 quandoque
848 1531 889 1581 ex
907 1514 1087 1596 intestat03
1110 1519 1170 1582 sed
1192 1535 1253 1598 per
1276 1524 1475 1586 extraneam

277 1635 453 1699 personam
474 1635 540 1683 non
562 1615 764 1699 adipiscitur
785 1617 852 1684 nisi
873 1637 935 1700 per
955 1618 1095 1686 liberam
1119 1621 1339 1689 donatiouem.

383 1758 455 1823 340
464 1755 516 1850 Da
525 1755 716 1820 hereditatis
723 1760 937 1842 possessione.
945 1759 1178 1828 Hereditatem
1190 1761 1311 1842 aliquis
1325 1761 1477 1844 possidet

277 1863 332 1930 vel
354 1881 425 1930 rem
448 1861 547 1929 aliam
570 1879 636 1928 000
658 1862 763 1928 solum
780 1882 841 1947 per
857 1881 1033 1946 personam
1051 1865 1225 1946 propriam,
1241 1867 1302 1931 sed
1318 1865 1427 1942 etiam,
1444 1865 1472 1930 si

278 1968 349 2052 ejns
365 1967 497 2035 nomine
512 1967 548 2033 in
564 1967 775 2050 possessione
798 1968 848 2036 rei
870 1968 992 2047 aliquis
1016 1969 1070 2051 sit,
1092 1968 1174 2034 licet
1196 1969 1297 2034 etiam
1321 1971 1375 2036 ille
1399 1969 1478 2052 eins-

274 2071 342 2156 juri
363 2071 533 2156 subjectus
556 2090 623 2138 non
645 2071 700 2152 sit,
726 2071 835 2152 qualis
864 2072 1000 2138 colonus
1032 2077 1084 2138 est
1112 2073 1167 2140 vel
1188 2062 1472 2155 inquilinussper

279 2196 335 2244 eos
348 2179 555 2260 quandoque,
570 2177 658 2258 apud
674 2194 756 2257 quos
771 2177 975 2257 deposuerat
991 2175 1113 2256 aliquis
1126 2181 1186 2241 aut
1198 2178 1319 2257 quibus
1333 2196 1470 2244 commo·

278 2285 428 2366 daverat,
443 2279 517 2363 ipse
532 2279 705 2362 possidere
720 2279 864 2347 videtur.
888 2280 963 2348 Solo
979 2279 1088 2347 animo
1109 2282 1276 2362 possessio
1297 2283 1469 2363 retinetur,

278 2386 430 2466 quamvis
452 2405 515 2453 000
537 2387 610 2468 1000
634 2386 679 2454 011
701 2385 736 2451 10
760 2386 970 2468 possessione
994 2403 1102 2466 neque
1129 2386 1214 2452 alius
1244 2388 1316 2470 ejus
1334 2387 1470 2461 nomine,

278 2496 390 2557 tamen
412 2491 443 2557 si
462 2509 527 2559 000
543 2490 704 2571 relinquit
720 2493 761 2558 00
776 2490 1000 2573 possessionis
1016 2490 1134 2569 animo,
1150 2492 1211 2556 sed
1226 2498 1345 2571 postea
1360 2508 1468 2557 rever-

278 2613 377 2660 surus
399 2596 478 2662 inde
504 2595 693 2678 recesserit,
716 2596 774 2676 001
796 2595 944 2662 retinere
961 2595 1203 2678 possessionem
1220 2595 1363 2662 videtur.
1385 2595 1472 2661 Male

278 2703 390 2766 00100
407 2699 567 2782 possidet,
580 2698 636 2779 qui
651 2699 686 2765 vi
700 2699 754 2766 vel
772 2698 857 2765 clam
873 2699 1116 2781 possessionem
1132 2699 1308 2782 subripuit,
1324 2708 1360 2766 et
1372 2699 1474 2766 etiam

278 2802 345 2886 ille,
362 2803 418 2885 qui
434 2803 569 2887 rogavit
584 2803 737 2888 aliquem,
753 2804 842 2884 quod
857 2803 1475 2886 0001000000001000011010111100010

278 2913 314 2974 et
337 2914 454 2996 contra
477 2907 569 2974 illum
592 2908 705 2992 agitur
728 2910 831 2974 causa
847 2907 1074 2990 'possessionis
1098 2911 1356 2990 recuperandae.

383 3048 491 3132 3410)
506 3048 557 3111 De
568 3049 760 3112 hereditatis
776 3049 982 3113 successione.
1002 3047 1037 3114 Si
1052 3049 1224 3116 hereditas
1239 3048 1354 3132 legate
1370 3047 1468 3115 fuerit

278 3153 388 3220 tribus
409 3151 571 3219 fratribus
594 3152 650 3229 ita,
680 3151 767 3232 quod
789 3151 922 3218 seniore
944 3157 1073 3220 mortuo
1097 3155 1141 3219 ad
1168 3155 1349 3219 seeundum
1374 3153 1472 3219 etde

279 3261 424 3324 0000000
437 3259 479 3322 00
495 3253 654 3323 minorem
668 3256 801 3326 devolvi
816 3258 955 3323 debeat:
969 3261 1050 3324 tuno
1066 3259 1216 3325 omnibus
1231 3258 1309 3323 istis
1324 3256 1475 3336 mortuis,

279 3361 337 3430 filii
361 3361 502 3430 senioris
526 3361 748 3428 hereditatem
771 3363 910 3429 eandem
937 3362 1144 3427 obtinebunt.
1174 3361 1221 3427 Et
1243 3359 1332 3426 sicut
1361 3358 1466 3428 estin

279 3467 369 3533 linea
390 3463 584 3548 masculina,
614 3465 662 3532 sio
693 3465 794 3530 etiam
822 3472 875 3531 est
898 3465 932 3530 in
954 3464 1044 3532 11000
1074 3464 1229 3531 feminali.
1258 3465 1355 3530 Unde
1385 3465 1464 3530 sicut

279 3576 425 3638 testator
447 3570 621 3652 disposuit,
645 3571 732 3650 quod
756 3588 887 3650 semper
910 3570 1022 3635 senior
1043 3569 1131 3635 filius
1155 3570 1395 3650 possessionem
1410 3585 1465 3632 seu

279 3676 500 3743 hereditatem
527 3675 722 3756 possideret,
746 3692 784 3740 eo
808 3675 902 3738 modo
933 3673 968 3738 10
998 3674 1058 3738 1011
1088 3673 1301 3756 possessione
1333 3674 1465 3740 filiorum

279 3779 348 3862 filii,
372 3780 429 3860 qui
453 3779 600 3847 seniores
622 3776 756 3864 fuerint,
774 3777 841 3845 sibi
863 3767 1067 3844 succedunt
1116 3807 1119 3815 ·

384 3917 491 4005 3410)
514 3917 566 3982 De
587 3917 778 3982 hereditatis
797 3918 965 4001 emptione.
988 3916 1128 3982 Denarii
1139 3915 1361 3998 judicionales
1376 3917 1463 3980 abso·

279 4028 350 4092 lute
369 4027 425 4110 jus
448 4042 514 4090 non
537 4026 709 4106 generant,
732 4021 812 4088 11001
836 4040 938 4102 super
966 4023 1042 4104 jnre
1072 4019 1252 4086 obtinendo
1282 4018 1463 4099 aliqualiter

280 4132 496 4198 attestentur.

384 4251 456 4318 342.
479 4249 530 4312 De
553 4250 755 4314 hereditario
779 4247 943 4332 10900000.
971 4245 1006 4312 Si
1030 4246 1200 4313 hereditas
1224 4247 1375 4312 omnibns
1396 4257 1462 4307 suc·

281 4357 432 4424 cessione
445 4375 464 4423 0
476 4355 552 4423 filiis
569 4353 743 4420 testatoris
756 4351 1038 4418 descendentibus
1055 4370 1114 4432 per
1125 4350 1245 4415 lineam
1258 4347 1463 4415 masculinam
