3275 5009
611 348 777 402 Sententiae
794 348 980 417 Iglavieneee.
1344 354 1409 406 327*

198 559 243 623 ab
268 575 307 622 eo
331 559 543 624 recedentem
567 557 710 622 clamore
733 575 853 641 magno
875 557 989 622 multis
1012 558 1126 623 verbis
1150 559 1304 640 turpibus
1320 576 1394 640 per·

196 661 373 739 tractavit,
404 659 520 726 dicens
547 660 655 741 ipsum
678 679 754 726 esse
777 660 1048 727 defraudatorem
1072 668 1107 725 et
1128 660 1291 729 hominem
1321 663 1393 729 infi-

197 765 323 846 delem;
347 765 434 844 quod
456 769 565 828 totum
588 764 678 830 dicto
698 765 810 847 jurato
834 764 1008 830 didicimus
1031 763 1209 832 referente.
1241 765 1288 831 Et
1310 768 1394 832 haec

196 869 309 934 omnia
333 873 542 950 protestatus
565 869 674 934 estin
698 870 862 949 quendam
892 869 1235 950 conjuratumdictee
1257 877 1394 937 nostrae

196 973 360 1056 civitatis,
382 973 440 1052 qni
463 977 659 1040 accurrerat
673 975 717 1038 ad
731 970 867 1055 iactum,
883 983 992 1039 motus
1007 975 1161 1040 clamore.
1184 972 1247 1056 Qui
1263 975 1394 1054 quidem

189 1076 330 1159 juratus
353 1077 395 1142 de
417 1077 603 1160 hujusmodi
629 1075 719 1142 fecto
752 1075 932 1155 requisitus
963 1077 1050 1142 dixit
1081 1096 1142 1158 per
1169 1079 1394 1162 juramentum

194 1199 302 1263 suum,
313 1182 541 1261 saepedictum
558 1182 664 1248 civem
680 1181 830 1247 exilinsse
845 1198 864 1246 e
881 1183 974 1247 domo
991 1200 1052 1248 sna
1067 1200 1173 1261 nsque
1189 1184 1232 1248 ad
1248 1183 1391 1249 medium

194 1285 341 1368 plateae,
365 1302 430 1364 qua
454 1285 658 1351 transiturus
687 1293 761 1350 eret
789 1284 923 1367 Juratus
947 1287 1184 1367 praescriptus,
1208 1294 1243 1351 et
1266 1287 1392 1352 vidisse

194 1407 271 1455 eum
294 1389 417 1456 ibidem
441 1393 587 1454 stantem
609 1393 739 1454 armata
761 1406 870 1474 manu,
903 1389 1014 1472 gladio
1045 1407 1111 1455 non
1133 1398 1295 1472 exempto,
1317 1409 1391 1456 cnm

195 1511 317 1576 magno
341 1493 493 1575 clamore,
517 1493 611 1574 cujus
635 1491 788 1558 clamoris
822 1491 1141 1572 interpretationem.
1175 1500 1212 1558 ut
1235 1495 1392 1576 asseruit,

194 1597 329 1663 minime
358 1597 535 1662 intellexit.
569 1596 615 1661 Et
644 1615 744 1676 quum
767 1597 851 1662 haec
875 1595 1018 1662 diffinire
1052 1597 1252 1681 ignoramus,
1287 1599 1391 1682 igitur

195 1700 416 1766 confidentius
441 1699 664 1781 supplicamus
689 1697 868 1782 informari,
896 1718 980 1780 quae
1008 1701 1070 1767 sibi
1094 1701 1199 1786 indigi
1222 1702 1390 1768 debeatl“

301 1803 496 1888 Superque
521 1805 762 1870 sententiatum
784 1803 858 1887 fuit,
881 1807 969 1884 quod
993 1805 1100 1870 omnia
1123 1824 1216 1872 arma
1238 1825 1300 1888 per
1317 1825 1388 1872 sce-

193 1909 306 1974 binum
330 1912 560 1975 accurrentem
591 1908 625 1972 in
648 1908 799 1974 manibus
834 1907 961 1974 stantis
995 1909 1069 1978 visa
1102 1915 1179 1976 sunt
1202 1910 1334 1993 emissa,
1357 1916 1393 1976 et

193 2012 282 2078 idem
306 2012 422 2095 majori
445 2029 571 2094 poenae
594 2011 781 2095 subjacebit
804 2011 995 2092 patiendae.
1021 2010 1124 2099 (239.)

298 2171 373 2236 145.
418 2167 600 2233 duratus
638 2168 687 2230 de
726 2168 918 2250 objectis
963 2171 1231 2249 respondeat
1272 2169 1389 2234 sicut

193 2274 312 2339 homo
345 2272 534 2353 simplex.
567 2271 601 2337 Si
634 2271 707 2350 quis
727 2272 914 2354 juratorum
937 2271 970 2336 in
994 2271 1105 2351 aliquo
1128 2272 1311 2352 deliquerit
1335 2274 1389 2340 vel

193 2377 388 2459 excesserit,
414 2395 521 2441 coram
543 2375 656 2456 judice
678 2380 712 2440 et
724 2375 851 2454 judicio
868 2375 956 2441 siout
971 2375 1058 2439 alter
1076 2383 1171 2440 homo
1188 2378 1391 2458 respondeat

193 2500 256 2548 nec
293 2481 434 2562 amplius
472 2497 570 2559 quam
605 2498 698 2545 suum
732 2479 890 2544 delictum
924 2479 1128 2561 requisierit,
1161 2498 1232 2546 cum
1253 2480 1390 2562 Justitia

191 2585 360 2666 puniatur.
394 2584 435 2649 It.
466 2584 575 2648 nullus
601 2583 789 2665 jnratorum
825 2583 1053 2665 interrogatus
1090 2602 1149 2664 per
1181 2602 1276 2650 suum
1299 2583 1387 2665 jura-

192 2699 338 2756 mentum
355 2689 408 2754 vel
424 2706 484 2769 per
501 2688 594 2753 fidem
610 2705 702 2753 suam
719 2686 819 2753 elicui
836 2687 935 2752 alteri
952 2690 1155 2768 respondere
1171 2692 1306 2753 tenetur
1321 2688 1387 2754 nisi

192 2794 255 2860 soli
278 2795 409 2860 domino
433 2795 516 2874 regi,
550 2810 595 2856 sc.
618 2791 653 2856 in
676 2792 786 2855 causis
806 2791 995 2874 judiciariis
1020 2812 1040 2855 a
1063 2810 1122 2857 suo
1142 2791 1257 2874 judice
1281 2793 1390 2872 requi·

192 2897 279 2962 situs
303 2896 529 2962 testimonium
553 2895 762 2974 compellitur
785 2895 972 2974 perhibere.
996 2894 1037 2959 It.
1062 2895 1090 2959 si
1115 2895 1189 2974 quis
1204 2896 1391 2977 juratorum

191 3020 252 3084 pro
269 3017 474 3081 quacumque
491 3017 593 3064 causa
609 3017 719 3064 coram
728 2999 855 3081 judicio
868 3005 982 3063 astare
996 3017 1060 3063 non
1075 2998 1199 3078 poterit
1212 2999 1390 3084 (noluerit)

192 3124 264 3170 cnm
277 3103 543 3186 suojmemento,
556 3109 767 3184 apponantur
786 3103 816 3167 ei
829 3103 893 3166 duo
905 3102 1011 3185 jurati
1032 3105 1196 3184 custodes,
1213 3106 1270 3182 qui
1287 3106 1391 3168 verbe

190 3227 254 3274 sue
278 3215 313 3273 et
334 3207 472 3273 formam
506 3209 681 3272 verborum
711 3206 851 3270 audiant
874 3210 909 3270 et
932 3205 1126 3288 dijudicent,
1152 3211 1186 3272 et
1211 3208 1391 3273 secundum

183 3331 304 3378 ¹eorum
320 3310 600 3377 confirmationem
619 3312 721 3376 verba
739 3327 799 3374 sua
824 3314 899 3374 rata
922 3310 1117 3375 habeantur.
1143 3309 1285 3393 (XVlI.)

295 3467 370 3534 146.
394 3465 479 3531 Von
505 3467 788 3548 verpundung
811 3466 886 3529 der
909 3474 1006 3530 rete
1029 3467 1111 3529 und
1135 3465 1390 3547 anspruche,

191 3571 256 3637 Mit
277 3589 347 3635 was
371 3575 471 3652 gutes
495 3569 626 3635 eiurat
650 3569 726 3633 wirt
750 3570 927 3650 gepnnden
952 3587 980 3633 u.
1004 3570 1082 3635 wirt
1105 3588 1142 3634 er
1169 3568 1387 3651 czubroohen,

191 3677 368 3740 desselben
392 3681 489 3757 gates
513 3673 567 3738 ein
591 3672 721 3755 dritteil
744 3673 892 3754 geuellet
915 3674 979 3738 den
1003 3675 1182 3755 ratleuten,
1204 3675 1264 3737 das
1283 3674 1388 3738 ander

191 3778 250 3844 teil
286 3777 433 3860 gerrellet
468 3781 539 3842 dem
575 3776 782 3842 waltsachen
816 3795 846 3841 u.
879 3779 939 3842 das
972 3778 1056 3840 dritt
1090 3776 1208 3842 drittel
1243 3777 1390 3858 geuellet

189 3882 318 3948 richter
341 3899 370 3945 u.
395 3881 571 3960 scbeppen.
595 3879 673 3944 Und
697 3882 757 3943 das
782 3881 889 3946 sullen
913 3881 943 3946 si
964 3882 1024 3945 der
1039 3886 1109 3944 stet
1126 3899 1186 3945 czu
1204 3898 1389 3964 pesserung

191 3987 343 4067 anlagen,
367 4001 403 4048 es
427 4000 486 4064 sey
509 3985 605 4061 denn,
637 3985 696 4047 das
729 3985 789 4048 der
824 3992 877 4050 rat
912 4003 980 4050 von
1013 3983 1389 4066 richte1·u.scheppen

190 4107 256 4158 von
280 4107 358 4170 puss
381 4105 497 4170 wegen
521 4105 580 4168 sey
604 4087 767 4169 gemacht,
791 4105 889 4152 wann
912 4106 982 4153 wer
1004 4106 1050 4170 yn
1073 4088 1261 4168 der‘prech,
1280 4091 1389 4154 deuon

190 4211 309 4261 nemen
343 4192 477 4258 rechten
500 4210 531 4256 u.
555 4193 724 4270 scbeppen
761 4190 895 4273 pilleich
929 4192 959 4256 ir
983 4191 1113 4256 dritteil
1137 4210 1167 4257 u.
1191 4192 1304 4276 legten
1328 4193 1388 4258 das

191 4317 235 4364 an
257 4297 330 4362 iren
355 4313 462 4379 eygen
486 4313 578 4360 nuez.
604 4294 706 4380 (187.)
