3275 5009
187 347 190 354 ·
268 330 318 380 176
448 365 450 370 -
783 328 948 382 Sententiae

266 535 476 619 vilipendens
489 535 804 602 sententiatum
816 540 870 602 est
882 535 1047 618 similiter,
1058 538 1145 616 quod
1154 535 1260 620 judici
1271 535 1307 603 in
1319 535 1462 617 quinque

265 639 361 708 libris
376 658 556 723 parvorum
573 640 739 724 obligatus
755 645 855 708 esset.
871 642 966 719 Item,
985 644 1072 722 quod
1089 647 1163 707 orta
1178 642 1213 708 in
1230 643 1324 708 domo
1339 643 1464 726 iudicis

266 745 480 812 contentione
492 764 553 827 per
565 748 657 824 duce,
669 747 773 830 judex
789 765 889 812 unum
905 748 947 812 de
964 748 1058 812 domo
1075 748 1215 812 trudens
1228 753 1266 844 et
1279 749 1456 813 secondum

264 853 431 929 tamquam
455 849 624 934 captivum
647 868 748 932 supra
779 867 971 932 scampnum
1003 851 1128 933 locans,
1158 850 1283 916 tertius
1313 850 1465 917 accurrit»
1593 861 1594 864 ’

265 959 300 1020 et
315 958 488 1021 sedentem
505 973 578 1021 cum
596 954 707 1038 gladio
723 973 789 1020 non
806 955 988 1037 evaginato
1004 957 1047 1020 ad
1064 960 1165 1038 caput
1181 955 1359 1038 percussit,
1375 956 1459 1036 quod

265 1060 306 1124 de
318 1076 474 1140 scampno
487 1058 618 1142 cecidit,
629 1063 664 1123 et
676 1058 876 1124 vulueravit.
886 1059 951 1125 Pro
965 1077 1028 1139 quo
1042 1060 1283 1126 sententiatum
1293 1059 1366 1143 fuit,
1374 1060 1458 1141 quod

259 1162 364 1247 judici
391 1163 425 1228 in
456 1164 595 1230 emenda
625 1163 659 1227 X
689 1163 849 1229 librarum
881 1181 1057 1244 parvorum
1088 1165 1249 1231 obnoxius
1275 1170 1455 1246 teneretur,

262 1267 439 1334 vulnerato
461 1285 542 1334 vero
566 1267 698 1333 ratione
721 1266 825 1356 gladii
847 1285 913 1332 non
938 1266 1110 1350 evaginati
1133 1275 1225 1334 esset
1245 1270 1363 1335 taliter
1378 1267 1464 1334 obli=

263 1376 372 1456 gatus,
394 1371 483 1437 sicut
506 1373 548 1438 de
569 1370 789 1455 fastigatione
806 1371 842 1437 in
856 1371 880 1436 J
881 1371 997 1437 nribus
1014 1370 1241 1454 originalibus
1257 1373 1462 1439 continetur..

364 1528 439 1593 420.
463 1525 553 1614 (Br.)
576 1523 710 1591 ,Iadica
734 1535 765 1590 et
772 1527 886 1612 jurati
901 1525 1013 1589 debent
1029 1527 1146 1590 audire
1161 1528 1348 1591 necessario
1363 1525 1457 1589 verba
1487 1528 1490 1534 '

260 1631 412 1716 partiam
434 1633 503 1696 aiae
525 1631 665 1700 ementiti.

365 1789 439 1856 421.
454 1788 505 1851 De
513 1789 668 1873 judiciis,
686 1791 771 1873 qaod
787 1811 852 1850 aaa
869 1810 969 1852 caasa
983 1809 1047 1851 oon
1062 1787 1152 1852 debet
1164 1787 1274 1852 diuidi
1288 1787 1325 1849 ia
1337 1786 1458 1871 plores.

260 1891 448 1961 Diffinitive
461 1893 806 1978 sententiatur:Quod
819 1893 901 1960 nulli
914 1909 1050 1974 prorsus
1062 1891 1235 1959 audientia
1246 1893 1460 1974 praebeatur,
1587 1990 1589 1995 Ι

261 1996 317 2077 qui
339 2015 461 2063 causae
485 1997 725 2064 continentiam
741 1996 864 2067 dividit
879 2004 915 2063 et
930 2017 972 2064 ex
988 1989 1140 2064 beneficii
1157 1995 1451 2080 praerogativam,

261 2102 349 2182 quod
371 2102 407 2169 in
430 2120 495 2167 uno
513 2104 693 2184 eodemque
705 2102 833 2184 judicio
849 2108 984 2184 poterat
999 2101 1181 2178 terminari,
1197 2102 1285 2182 apud
1302 2088 1452 2167 diversos

258 2205 389 2290 judices
413 2204 521 2271 voluit
543 2206 727 2289 ventilaro;
751 2225 858 2288 poena
880 2207 912 2273 oi
930 2224 978 2281 ,ex
994 2205 1103 2272 officio
1114 2205 1238 2289 judicis
1254 2204 1453 2281 imminente,
1540 2223 1543 2227 ’
1593 2256 1595 2263 .

260 2309 316 2390 qui
340 2314 457 2376 contra
480 2309 567 2376 hauc
590 2309 835 2392 supplicaverit
857 2311 1073 2389 sanctionem,
1105 2313 1206 2390 atquo
1231 2309 1332 2374 alium
1354 2326 1457 2390 super

260 2413 471 2496 possessione
493 2418 597 2492 atque
619 2413 722 2479 alium
744 2431 847 2497 super
875 2414 1052 2497 principali
1084 2414 1281 2495 quaestione
1308 2413 1461 2496 jndicem.
1595 2415 1596 2418 ’

167 2545 169 2552 ·
259 2518 489 2601 postulaverit.
512 2517 559 2582 Et
581 2516 735 2583 similiter
753 2519 859 2605 judex
881 2539 947 2585 non
977 2519 1145 2589 admittat.
1175 2519 1264 2598 quod
1293 2516 1337 2600 id,
1369 2518 1452 2597 quod

258 2620 292 2687 in
315 2641 381 2688 una
404 2620 610 2701 querimonia
635 2626 747 2702 potest
770 2622 854 2706 capi,
876 2623 911 2689 in
934 2624 1044 2688 altera
1066 2623 1258 2704 replicetur.

361 2779 435 2844 422.
465 2777 516 2839 Dc
538 2779 690 2860 juridica
721 2779 869 2841 cautione
889 2779 1027 2863 judicio.
1056 2778 1229 2863 Quaedam
1259 2783 1313 2845 est
1343 2777 1458 2843 cautio·

258 2883 356 2964 nuda,
368 2881 457 2949 sicut
465 2882 639 2966 juratoria,
655 2888 692 2950 et
706 2881 798 2949 illam
813 2882 938 2950 sufficit
953 2903 974 2949 a
990 2883 1142 2966 partious
1157 2883 1231 2950 fieri
1247 2884 1289 2948 de
1305 2883 1458 2964 parendo

254 2985 323 3071 juri
345 2989 381 3052 et
403 2987 523 3052 stando
541 2984 665 3067 judicio
688 2985 723 3054 iu
747 2986 857 3054 dubiis
880 2992 916 3054 et
937 2987 1068 3053 levibus
1089 2986 1211 3068 causis,
1240 2989 1302 3053 sed
1318 2991 1371 3053 est
1385 2985 1450 3053 alia

258 3091 368 3156 cautio
390 3090 521 3172 idonea,
543 3090 631 3157 sicut
654 3091 877 3174 pignoraticia
900 3093 955 3158 vel
969 3092 1188 3176 fidejussoria,
1204 3096 1240 3157 et
1254 3091 1313 3157 illa
1328 3092 1362 3157 in
1378 3109 1459 3176 gra·-

258 3192 355 3259 vibus
379 3198 414 3260 et
436 3192 576 3260 notoriis
599 3195 711 3262 causis
734 3213 754 3260 a
777 3196 930 3278 partibus
954 3200 1007 3262 est
1030 3197 1187 3278 petenda.
1217 3270 1221 3277 ,

361 3349 435 3416 423.
468 3347 556 3421 datae
588 3350 685 3414 verba
715 3359 751 3413 aa
771 3352 914 3437 judiciis
936 3373 998 3413 aon
1022 3360 1181 3434 quaerant
1202 3351 1450 3436 praejudicium.

259 3453 339 3520 Cum
362 3456 449 3520 duae
480 3454 635 3520 mulieres
665 3455 700 3521 in
726 3453 854 3536 jndicio
888 3474 947 3538 pro
982 3455 1105 3524 debitis
1136 3457 1387 3537 contenderent,
1417 3457 1451 3520 et

258 3560 442 3625 advocatus
456 3558 554 3624 unius
567 3561 608 3625 ab
621 3559 688 3626 alia
705 3564 892 3643 quaereret,
904 3560 933 3625 si
946 3562 988 3627 de
1002 3579 1063 3626 sua
1075 3566 1183 3628 testes
1199 3560 1324 3626 habere
1342 3561 1459 3641 potest

257 3663 444 3728 intentione
469 3664 647 3745 probanda,
671 3662 794 3742 illaque
818 3664 1062 3731 deliberatione
1092 3684 1159 3731 non
1186 3662 1386 3746 praehabita
1409 3680 1451 3728 ex

256 3765 474 3848 simplicitate
507 3767 746 3848 respondisset,
781 3771 868 3846 quod
901 3767 1043 3834 mediam
1077 3769 1249 3836 civitatem
1273 3787 1333 3850 pro
1356 3767 1448 3833 testi-

257 3869 365 3935 monio
388 3875 539 3938 statuere
563 3870 681 3939 vellet:
707 3871 895 3952 quaesitum
918 3876 972 3940 est
995 3875 1037 3940 ab
1061 3876 1237 3954 advocato,
1259 3872 1288 3936 si
1314 3871 1456 3938 mediam¹

258 3979 387 4056 partem
402 3974 565 4041 hominum
583 3974 733 4041 civitatis
751 3993 810 4056 pro
826 3976 1019 4044 testimonio
1036 3997 1102 4045 non
1119 3980 1327 4059 produceret,
1343 3984 1458 4043 utrum*
1589 4018 1591 4021 -

153 4125 157 4134 .
258 4097 391 4145 causam
414 4079 643 4160 perdidisset?

361 4182 513 4264 Super
557 4202 641 4264 quo
688 4182 955 4251 diffinitum
999 4185 1106 4269 fuit,
1148 4187 1235 4265 quod
1274 4203 1334 4266 per
1370 4181 1460 4249 talia

257 4289 362 4353 verba
392 4291 427 4352 et
459 4287 507 4353 eis
539 4287 657 4355 similia
688 4304 747 4370 per
781 4289 930 4354 actorem
964 4288 1018 4355 vel
1052 4307 1142 4356 reum
1177 4288 1317 4372 prolata,
1352 4304 1456 4354 causa
