3275 5009
685 450 853 504 Brunenses.
1317 450 1368 503 123

163 675 269 738 super
292 675 332 722 eo
362 657 501 723 licentia
526 658 650 742 judicis
681 648 830 740 speciali.
863 659 949 724 Item
973 657 1016 738 ,in
1046 675 1152 740 agone
1178 658 1306 741 jurans,
1337 659 1366 724 si

161 758 304 826 formam
329 766 528 846 corrumpat,
551 763 586 829 in
609 783 712 830 cansa
735 780 800 829 non
825 761 925 839 cadit,
949 760 979 825 si
1002 766 1114 827 tamen
1136 761 1231 828 homo
1258 750 1379 830 bonaex

159 863 274 931 famae
296 864 402 932 inisse
421 866 602 950 judicatur.

243 1049 247 1055 -
271 1004 343 1071 257.
366 1003 451 1086 (Br.)
477 1004 526 1068 Da
549 1007 689 1068 eruendis
713 1007 855 1090 injustae
878 1027 1046 1070 mensurae
1071 1014 1101 1066 at
1113 1005 1278 1090 ponderis.
1333 973 1335 977 v

270 1144 344 1210 258.
366 1143 417 1207 De
441 1145 580 1208 amendia
604 1147 748 1230 injustae
770 1144 850 1208 ulna
873 1155 903 1208 et
925 1145 1090 1229 ponderis.
1112 1143 1149 1211 Si
1165 1145 1238 1224 quis
1259 1145 1366 1226 prima

158 1244 237 1313 vice
263 1266 336 1313 cnm
358 1247 485 1330 injusta
500 1249 581 1315 ulna
597 1255 632 1316 et
646 1249 770 1331 injusto
787 1252 935 1332 pondere
958 1252 1012 1315 est
1034 1249 1201 1324 inventus
1221 1249 1366 1328 quinque

159 1351 299 1418 talenta
323 1353 433 1420 solvet
456 1353 532 1435 (hoc
556 1359 634 1419 sunt
657 1358 791 1419 centum
815 1353 879 1438 gr.)
903 1373 961 1436 pro
985 1353 1142 1435 emenda3
1165 1353 1194 1420 si
1218 1355 1366 1419 secunda

158 1455 245 1533 vice,
271 1455 383 1522 solvat
406 1456 441 1522 II
464 1475 612 1538 marcas3
634 1458 663 1522 si
686 1459 798 1535 tertia,
820 1477 920 1524 manu
944 1462 1128 1537 truncetur,
1150 1457 1206 1524 vel
1221 1443 1365 1524 redimat

158 1578 234 1625 eam
260 1578 333 1626 cnm
356 1560 390 1626 X
411 1561 555 1644 marcis3
578 1563 619 1628 da
643 1562 762 1642 quibus
787 1563 934 1628 emendis
969 1564 1054 1627 dnae
1088 1566 1204 1643 partes
1242 1563 1367 1628 cedunt

154 1663 267 1748 judici
290 1668 326 1730 et
348 1664 452 1731 tertia
477 1665 619 1732 civitati.

270 1805 342 1870 259.
365 1803 580 1888 Deprendere
604 1803 731 1888 lapidis
754 1809 869 1889 atejus
886 1808 1025 1873 emenda.
1049 1806 1182 1872 Pondus
1198 1804 1365 1886 lapideum

158 1927 265 1974 unum
286 1912 420 1976 tantum
445 1907 587 1989 lapidem
612 1909 786 1976 continere
810 1911 919 1994 debet,
954 1913 989 1976 et
1012 1911 1040 1975 si
1065 1912 1118 1976 est
1147 1909 1243 1976 nimis
1270 1909 1366 1988 levia,

159 2031 220 2095 per
246 2012 454 2079 additionem
476 2012 617 2078 alterins
639 2012 762 2092 lapidis
786 2030 852 2079 non
874 2020 989 2094 potest
1012 2032 1047 2080 se
1065 2013 1186 2094 aliquis
1204 2031 1365 2080 excusare

158 2120 200 2184 de
224 2117 355 2201 injnsto
380 2117 534 2198 pondere,
559 2135 630 2182 cum
661 2121 774 2183 tamen
806 2116 937 2199 lapides
968 2136 1034 2184 non
1058 2118 1125 2182 sint
1156 2117 1227 2182 cari
1256 2135 1364 2198 neque

157 2222 248 2302 rari;
283 2228 319 2288 et
341 2220 398 2301 qui
421 2220 539 2286 taliter
559 2219 685 2304 injuste
709 2219 762 2303 (ut
785 2239 887 2302 supra
911 2220 1051 2308 dicitur)
1074 2221 1232 2288 inventus
1254 2219 1365 2303 fuerit,

159 2345 302 2408 poenam
326 2326 438 2391 solvat
461 2324 696 2406 supradictam.
1054 2339 1055 2344 ¹

268 2483 345 2547 26οζ
368 2481 418 2543 Da
442 2480 574 2544 amandu
588 2489 737 2568 sepedum,
755 2504 944 2568 prunorum,
956 2503 1120 2567 pecorum,
1143 2489 1363 2568 praecinerunt
1403 2469 1405 2475 ⁵

160 2585 336 2672 liquorum,
359 2587 563 2670 capacior-um
586 2593 758 2668 ruptorum
781 2607 837 2649 sau
860 2585 1107 2654 subtractorum.
1145 2585 1210 2670 Qui
1231 2591 1364 2669 segetes

159 2691 193 2758 in
216 2711 303 2775 agro
327 2690 469 2757 alterins
492 2689 614 2772 recipit
643 2689 810 2756 violenter
840 2689 1056 2774 vellamine,
1092 2691 1201 2757 solvet
1234 2693 1364 2757 domino

161 2802 316 2880 segetum
357 2796 375 2860 I
416 2795 597 2876 fertonem,
634 2793 739 2879 J'udici
784 2812 865 2861 vero
907 2796 948 2878 ll,
990 2794 1169 2861 fertonem.
1216 2794 1250 2860 Si
1288 2795 1364 2874 quis

161 2901 264 2966 etiam
287 2899 323 2966 in
346 2919 429 2984 agro
461 2916 521 2965 suo
555 2917 678 2981 pecora
712 2899 873 2981 rapuerit,
908 2901 949 2966 de
971 2899 1119 2980 quolibet
1144 2901 1227 2980 pede
1251 2898 1362 2964 solvet

162 3005 460 3071 unumdenarinm
485 3005 716 3085 praemanda.
753 3002 788 3068 si
815 3003 890 3083 quis
923 3004 959 3068 in
994 3011 1091 3085 prato
1124 3003 1256 3084 capitur
1289 3021 1362 3069 cum

161 3109 383 3193 graminibus,
406 3127 469 3188 per
486 3107 629 3191 judicem
655 3125 676 3172 a
693 3106 834 3172 civitate
850 3107 1043 3192 repellatur,
1058 3105 1145 3172 inira
1161 3124 1281 3173 annum
1297 3126 1363 3173 non

162 3231 382 3295 reversurus,
405 3213 435 3278 si
457 3218 570 3278 autem
594 3211 627 3276 in
651 3229 736 3291 equo
760 3212 947 3294 deduxerit,
969 3212 1098 3278 domino
1124 3211 1212 3292 prati
1239 3213 1276 3294 Ἃ
1299 3209 1363 3277 fer·

161 3322 275 3382 tonem
300 3322 336 3382 et
354 3315 461 3400 judici
483 3315 628 3380 latonam
653 3315 763 3381 solvet
785 3333 845 3397 pro
881 3317 1027 3381 emenda
1055 3315 1090 3381 Si
1114 3316 1188 3396 quis
1211 3317 1253 3381 de
1277 3315 1364 3381 silva

161 3419 270 3486 instes
296 3425 331 3486 et
354 3420 470 3503 virgas
492 3419 527 3484 in
551 3436 650 3484 curru
673 3435 733 3484 sno
757 3419 921 3500 eduxerit,
953 3419 1062 3485 solvet
1093 3420 1224 3484 domino
1257 3419 1363 3486 silvae

162 3525 306 3591 medinm
327 3522 506 3605 fertonem3
530 3523 560 3588 si
583 3541 663 3590 vero
686 3524 813 3607 majora
836 3523 937 3607 ligna,
960 3542 1059 3603 quam
1082 3529 1162 3590 sunt
1177 3523 1293 3606 virgae
1309 3524 1363 3590 vel

162 3627 280 3712 instes,
302 3633 380 3709 post
396 3627 578 3708 quemlibet
593 3627 742 3708 stipitem
756 3629 810 3693 vel
823 3633 976 3694 truncum
992 3628 1073 3710 ligni
1089 3627 1224 3693 LXXII
1240 3647 1363 3709 parvos

164 3734 273 3800 solvet
296 3731 426 3798 domino
450 3732 556 3798 silvae
579 3736 614 3796 at
626 3731 741 3814 judici,
758 3730 786 3796 si
803 3733 846 3796 ad
862 3749 937 3797 anm
953 3732 1154 3813 pervenerit,
1173 3730 1363 3799 satisfaciet

164 3838 343 3904 secundum
367 3835 539 3901 consilium
552 3836 748 3918 juratorum.
771 3834 866 3913 Item,
883 3835 912 3901 si
929 3834 1051 3915 aliquis
1069 3836 1236 3903 violenter
1252 3838 1293 3902 da
1310 3837 1363 3903 die

164 3941 197 4006 in
218 3957 336 4020 campo
360 3939 461 4005 alicui
483 3938 605 4019 recipit
628 3939 690 4004 duo
720 3938 858 4019 capecia
882 3941 1036 4024 siliginis,
1068 3941 1295 4008 sententiatur
1326 3945 1365 4008 nt

165 4046 327 4126 spoliator
350 4042 602 4124 condempnari,
629 4043 658 4108 si
688 4045 801 4108 tamen
834 4045 970 4126 capacia
1004 4045 1121 4112 valent
1144 4045 1208 4111 LX
1232 4065 1364 4128 parvos.

269 4200 343 4266 261.
368 4197 528 4263 Emended
562 4200 749 4281 quandoque
782 4220 845 4261 nou
877 4200 1057 4262 curuantur.
1093 4201 1263 4268 Emendae
1298 4219 1364 4268 non

166 4305 340 4372 radantur
362 4306 543 4370 secuudum
566 4301 787 4371 variationem
806 4304 965 4388 judicum,
987 4305 1051 4370 imo
1077 4306 1106 4372 si
1129 4305 1174 4372 sit
1190 4304 1363 4385 simplicis-

168 4410 266 4478 simus
284 4428 344 4492 pro
355 4408 470 4499 judice
493 4407 631 4491 positus,
642 4409 729 4476 idem
743 4427 900 4476 excessus
915 4411 1030 4476 eadam
1043 4411 1182 4476 amendat
1194 4410 1362 4491 punietur.
