3275 5009
655 408 821 463 Brunenses.
1287 413 1340 465 187

42 703 43 714 ἵ
155 615 208 694 „de
234 612 411 680 homicidio
443 614 589 681 Ounradi
612 616 692 682 mihi
716 635 775 698 per
799 615 931 704 (talem)
956 617 1010 684 vel
1034 616 1167 704 (talem)
1191 624 1362 687 actorem

153 714 255 800 (quem
277 717 487 802 nominabit),
509 718 665 801 imposito
689 721 850 787 innocens
872 723 974 804 sum“,
991 727 1026 787 et
1041 739 1107 787 non
1123 727 1176 788 est
1191 741 1340 807 necesse,

152 823 231 900 quod
252 823 292 886 de
315 838 427 899 uxore,
451 823 565 905 pueris
589 831 624 890 et
646 825 761 891 amieis
792 826 972 907 specialem
995 825 1101 892 faciat
1129 827 1338 894 mentionem.

247 961 317 1026 446.
339 960 425 1047 (m.)
455 961 504 1024 De
528 960 644 1043 forma
665 963 810 1046 jurandi
827 985 893 1046 pro
916 963 1024 1047 spolio
1048 965 1133 1026 dicto
1159 966 1340 1049 „rerawp“,

151 1063 399 1146 mortificatione,
419 1066 514 1150 pacis
539 1065 713 1128 violatione
737 1075 767 1130 ct
789 1067 971 1130 successibus
998 1066 1234 1132 criminalibus.

247 1214 406 1280 4474120
445 1215 578 1279 termino
616 1216 660 1278 ud
689 1215 871 1298 jurandum
907 1215 1066 1300 praefixo.
1105 1215 1141 1281 Si
1174 1217 1269 1282 homo
1304 1216 1340 1282 in

40 1295 41 1378 Ῠ
149 1317 355 1398 providendis
381 1318 445 1384 sibi
461 1319 661 1388 necessariis
684 1319 844 1402 existens,
867 1319 902 1385 in
924 1319 1067 1387 termino
1091 1321 1134 1387 ad
1153 1322 1336 1406 jurandum

149 1421 287 1502 praefixo
311 1441 377 1488 non
401 1429 586 1504 comparet:
609 1442 674 1490 non
690 1428 828 1504 propter
843 1423 905 1488 hoc
922 1425 1038 1490 statim
1054 1425 1089 1490 in
1105 1444 1209 1492 causa
1227 1426 1340 1506 cadit3

148 1525 206 1592 imo
231 1545 270 1592 ex
292 1528 484 1593 ostensione
507 1527 735 1608 impedimenti
758 1527 901 1610 legitimi
923 1533 1038 1609 potest
1068 1548 1105 1596 se
1135 1530 1233 1596 tueri.
1264 1531 1340 1596 Non

149 1636 197 1696 est
219 1633 302 1697 enim
326 1631 538 1714 rationabile,
562 1634 649 1711 quod
673 1633 768 1698 homo
792 1653 812 1700 a
834 1635 951 1699 labore
973 1634 1085 1700 victus
1105 1633 1158 1700 sui
1175 1635 1339 1714 quiescat,

148 1735 318 1801 terminum
337 1735 457 1819 judicii
480 1739 698 1818 expectando.

41 1963 42 1966 Ἴ
244 1893 318 1957 448.
343 1891 395 1954 De
410 1895 597 1976 juramento
621 1893 838 1977 calumpniae.
869 1895 939 1960 Nec
972 1895 1007 1960 in
1037 1913 1140 1960 causa
1163 1894 1342 1977 pecuniali,

41 2043 42 2048 1
149 2000 304 2076 quaeest
328 1997 370 2061 de
393 1996 488 2062 bonis
512 1997 698 2082 mobilibus,
720 2017 783 2065 neo
806 1999 841 2063 in
864 2017 966 2064 causa
989 1999 1082 2075 reali,
1110 2016 1196 2080 quae
1220 2003 1273 2064 est
1296 2000 1338 2064 de

40 2087 42 2180 j
148 2101 236 2166 bonis
258 2100 491 2177 immobilibus,
520 2103 579 2166 sed
603 2106 734 2168 tantum
757 2104 791 2168 in
808 2121 910 2168 causa
926 2102 1096 2185 personali
1111 2108 1147 2168 et
1163 2102 1341 2186 criminali,

41 2209 42 2218 ’
150 2205 231 2270 sicut
246 2211 299 2272 est
316 2204 536 2287 homicidium,
551 2205 682 2271 invasio
698 2208 814 2272 domus
830 2209 884 2274 vel
900 2215 1016 2272 reatus
1033 2207 1225 2288 consimilis,
1241 2211 1338 2272 actor

150 2310 187 2374 de
198 2310 271 2392 jnre
288 2309 364 2392 cogi
380 2310 480 2375 debet
504 2311 547 2374 ad
570 2314 807 2391 praestandum
832 2311 1040 2392 calumpniae
1060 2311 1293 2393 juramentum.

245 2485 319 2551 449.
355 2485 404 2546 De
424 2487 613 2566 juramento
639 2483 855 2569 calumpniae.
878 2485 973 2550 Siout
999 2484 1061 2566 vir,
1085 2485 1133 2552 sio
1161 2491 1195 2551 et
1223 2485 1343 2552 mulier

40 2617 42 2644 2
145 2587 365 2669 juramentum
397 2589 606 2670 calumpniae
637 2594 811 2670 praestare
842 2592 978 2671 debens,
1007 2589 1037 2655 si
1066 2592 1209 2674 jurando
1242 2589 1342 2671 cadit,

40 2675 42 2712 ³
150 2691 181 2757 in
204 2711 303 2760 causa
326 2696 522 2761 succumbit.

246 2852 320 2914 450.
354 2851 621 2935 [inpedimentum
660 2849 809 2911 naturaie
846 2861 980 2912 excusat
1016 2872 1126 2912 casum
1155 2851 1344 2934 juramenti

150 2952 442 3039 perjurantem,
474 2953 502 3020 si
526 2955 620 3019 homo
650 2955 776 3021 debens
803 2955 928 3037 jurare,
956 2953 1158 3036 balbutiens
1181 2954 1341 3031 titubans

151 3057 257 3126 blesus
273 3061 327 3127 vel
343 3059 545 3127 naturaliter
560 3060 740 3141 impeditae
756 3059 899 3142 linguae,
914 3058 963 3122 ita
978 3059 1064 3137 qrvod
1076 3076 1235 3137 expresse
1247 3058 1340 3138 loqui

151 3181 213 3229 non
234 3165 350 3247 possit,
372 3164 484 3246 fuerit,
507 3169 542 3230 et
562 3164 752 3244 prolocutor
769 3161 850 3243 ejus,
867 3167 1043 3240 antequam
1056 3163 1173 3245 jurare
1190 3161 1340 3243 incipiat,

152 3271 421 3347 protestationem
439 3269 479 3333 de
498 3267 557 3332 hoe
573 3266 693 3333 iaciat:
711 3267 863 3346 quamvis
879 3265 914 3331 in
930 3269 1106 3332 verborum
1125 3265 1342 3347 expressione

152 3371 347 3439 titubaverit
371 3371 425 3438 vel
448 3371 645 3452 deviaverit,
668 3375 780 3437 tamen
800 3376 947 3451 propter
969 3370 1031 3434 hoc
1054 3369 1089 3434 in
1107 3371 1251 3453 jurando
1276 3388 1343 3436 non

151 3475 316 3557 judicatur
339 3475 520 3554 cecidisse,
556 3473 706 3540 deiectus
742 3475 829 3540 enim
864 3472 1029 3539 naturalis
1059 3473 1115 3539 vel
1144 3474 1342 3555 impotentia

152 3577 301 3658 loquendi
324 3586 417 3646 recte
440 3597 552 3644 casum
575 3577 763 3662 hujusmodi
787 3582 927 3643 excusat
949 3581 985 3642 et
1007 3582 1194 3657 supportat.

251 3738 323 3805 451.
364 3735 477 3800 Uirum
502 3740 623 3820 jurare
658 3733 771 3797 debens
809 3736 981 3796 sinistram
1017 3754 1146 3796 manum
1186 3733 1267 3797 ieret
1300 3736 1344 3798 ad

40 3895 41 3940 ᾖ
150 3843 332 3923 jurandam.
370 3841 603 3908 Dicendum
643 3842 712 3904 est
751 3857 799 3904 ex
836 3838 983 3922 rigore
1021 3837 1153 3921 juris:
1191 3837 1344 3918 Utraque

155 3960 263 4012 manus
287 3947 379 4012 valet
403 3951 438 4011 et
460 3952 513 4011 est
536 3943 705 4010 sufficiens
728 3945 771 4008 ad
791 3944 978 4026 jurandum,
998 3943 1086 4007 sicut
1102 3944 1144 4007 ad
1162 3943 1344 4021 quemlibet

155 4048 249 4114 alium
271 4056 382 4118 actum
405 4050 588 4133 legitimum
613 4049 844 4115 exercendum.
866 4047 889 4112 J
891 4065 952 4112 ura
971 4046 1059 4110 enim
1076 4045 1262 4129 Originalia
1277 4064 1344 4111 non

155 4152 361 4237 distinguunt
383 4154 473 4220 inter
496 4172 625 4218 manum
646 4154 798 4218 dextram
824 4158 859 4216 et
875 4151 1055 4232 sinistram,
1072 4153 1130 4215 sed
1147 4149 1345 4230 simpliciter

155 4255 271 4335 dicunt,
304 4261 410 4342 „quod
437 4256 553 4340 jurans
584 4259 685 4323 debet
715 4274 752 4321 se
784 4273 972 4337 expurgare
1004 4256 1132 4320 duobus
1163 4253 1279 4336 digitis
1308 4254 1344 4319 in

155 4367 277 4429 cruce“.
298 4365 394 4432 Unde
418 4363 528 4448 etiam,
553 4362 581 4428 si
605 4359 725 4440 aliquis
750 4366 891 4438 utraque
915 4377 1013 4424 mann
1032 4362 1210 4425 truncatus
1224 4359 1341 4442 jurare
