3275 5009
1381 355 1719 409 Brunenses.
2644 360 2752 411 253

325 582 483 631 cum
533 567 680 633 alia
725 566 1030 648 probatio
1076 566 1163 631 ad
1210 564 1676 646 inquirendam
1720 563 2081 631 veritatem
2139 582 2271 630 non
2333 571 2457 631 est.
2520 564 2753 631 Testis

325 670 628 738 idoneus
674 677 874 755 pater
916 669 1070 752 filio,
1117 675 1236 734 aut
1281 668 1457 735 filius
1503 668 1686 750 patri
1728 686 1862 735 non
1909 676 2032 751 est,
2072 668 2192 734 sed
2225 673 2420 750 pater
2452 673 2522 735 et
2553 668 2746 750 filius,

326 775 445 854 qui
498 775 576 840 in
627 779 774 862 ejus
822 777 1164 856 potestate
1211 777 1348 855 est.;
1409 772 1573 840 item
1619 774 1748 838 duo
1795 771 2068 855 fratreS,
2129 772 2244 852 qui
2289 772 2357 838 in
2404 777 2752 854 potestate

325 881 645 964 ejusdem
704 879 922 962 patris
984 883 1159 961 sunt,
1219 881 1436 943 testes
1481 876 1717 956 utique
1764 875 1834 942 in
1880 878 2111 944 eodem
2170 880 2575 943 testamento
2636 876 2747 943 vel

322 985 618 1067 negotio
665 987 896 1051 eodem
941 982 1090 1048 fieri
1137 986 1438 1064 possunt,
1476 981 1631 1062 quia
1662 981 1828 1048 nihil
1858 987 2074 1066 nocet,
2106 1000 2190 1048 ex
2219 1000 2354 1048 una
2385 983 2752 1062 eademque

326 1090 531 1154 domo
585 1089 813 1171 plures
861 1092 1075 1154 testes
1119 1086 1190 1153 in
1235 1086 1453 1152 alieno
1498 1085 1773 1170 negotio
1820 1086 2145 1153 adhiberi.
2193 1086 2427 1152 Nullus
2466 1086 2752 1152 idoneus

324 1192 544 1259 testis
596 1193 667 1259 in
710 1211 787 1258 re
831 1208 956 1258 sua
1001 1190 1424 1273 intelligitur.

549 1313 639 1380 It.
697 1313 806 1379 Ad
866 1311 1062 1378 fidem
1123 1313 1225 1379 rei
1287 1316 1522 1396 gestae
1581 1311 1956 1379 faciendam
2020 1312 2224 1378 etiam
2284 1330 2416 1377 non
2468 1316 2751 1395 rogatus

324 1417 544 1484 testis
593 1415 1016 1499 intelligitur.

551 1539 640 1606 It.
710 1539 838 1608 Ubi
894 1556 1205 1605 numerus
1267 1538 1540 1605 testium
1601 1557 1735 1605 non
1793 1537 2127 1622 adjicitur,
2187 1540 2316 1605 duo
2380 1536 2753 1617 sufficiunt,

326 1641 627 1725 pluralis
676 1641 851 1708 enim
895 1642 1141 1708 locutio
1190 1645 1469 1710 duorum
1516 1660 1789 1710 numero
1838 1648 2159 1709 contenta
2204 1649 2326 1708 est.

557 1761 1100 1831 Hermafroditus
1144 1782 1230 1830 an
1279 1767 1364 1830 ad
1404 1764 1859 1832 testimonium
1891 1763 2157 1831 admitti
2188 1762 2423 1845 possit,
2454 1763 2756 1844 qualitas

329 1885 547 1935 sexus
595 1868 916 1935 ostendit.

557 1990 629 2058 Si
675 1995 890 2058 testes
937 2009 1166 2058 omnes
1214 1992 1511 2075 ejusdem
1555 1992 1935 2059 honestatis
1981 1996 2054 2058 et
2083 1982 2575 2058 aestimationis
2611 1991 2746 2056 sint

334 2098 408 2160 et
439 2096 708 2179 negotii
740 2095 1032 2176 qualitas
1065 2114 1146 2163 ac
1169 2095 1416 2180 jndicis
1447 2099 1668 2162 motus
1702 2114 1848 2163 cum
1882 2096 1986 2162 his
2021 2096 2377 2175 concurrit,
2406 2097 2748 2174 sequenda

335 2204 504 2264 sunt
553 2201 775 2267 omnia
820 2200 1223 2267 testimonia.
1283 2199 1353 2266 Si
1415 2217 1575 2266 vero
1638 2218 1722 2265 ex
1783 2199 1890 2266 his
1952 2198 2221 2280 quidam
2282 2218 2504 2265 eorum
2564 2199 2750 2264 aliud

332 2303 666 2387 dixerint,
733 2304 894 2371 licet
958 2304 1194 2386 impari
1263 2322 1553 2387 numer0,
1618 2305 2019 2372 credendum
2076 2308 2201 2387 est,
2246 2305 2420 2384 quod
2465 2307 2752 2368 naturae

335 2408 604 2492 negotii
667 2409 982 2476 convenit
1044 2413 1113 2474 et
1172 2411 1345 2490 quod
1410 2407 1803 2475 inimicitiae
1862 2419 1982 2476 aut
2045 2407 2308 2492 gratiae
2368 2408 2744 2489 suspicione

336 2518 554 2596 caret,
602 2512 1150 2593 confirmabitque
1189 2515 1397 2599 Judex
1440 2517 1691 2579 motum
1751 2512 1957 2580 animi
2018 2512 2123 2578 sui
2186 2530 2270 2578 ex
2330 2513 2750 2595 argumentis

340 2620 410 2680 et
480 2617 909 2699 testimoniis,
978 2636 1149 2697 quae
1216 2619 1317 2686 rei
1383 2619 1648 2701 aptiora
1715 2623 1787 2684 et
1853 2617 2044 2684 modo
2119 2615 2520 2697 proximiora
2595 2633 2753 2682 esse

339 2721 626 2802 ceperit.
695 2718 874 2804 (Non
919 2723 1092 2787 enim
1149 2722 1234 2786 ad
1295 2720 1786 2788 multitudinem
1849 2720 2095 2804 respici
2156 2725 2442 2803 oportet,
2496 2722 2615 2786 sed
2660 2721 2747 2786 ad

339 2825 676 2892 sinceram
735 2823 1262 2893 testimoniorum
1325 2827 1521 2894 fidem
1589 2832 1663 2894 et
1729 2828 1814 2893 ad
1880 2825 2285 2908 testimonia,
2348 2825 2587 2904 quibus
2634 2825 2749 2891 lux

341 2931 572 3009 potius
617 2928 930 2998 veritatis
972 2928 1288 3013 assistit.)

558 3050 845 3118 Produci
928 3050 1128 3118 testis
1208 3070 1341 3118 non
1423 3055 1668 3136 potest,
1747 3053 1859 3133 qui
1937 3057 2142 3120 antea
2208 3051 2277 3119 in
2349 3068 2497 3118 eum
2560 3067 2745 3116 reum

341 3156 799 3222 testimonium
860 3155 1044 3222 dixit.
1109 3156 1348 3222 Testes
1409 3175 1544 3240 eOS,
1604 3174 1771 3238 quos
1830 3162 2191 3225 accusator
2234 3159 2319 3222 de
2366 3158 2556 3222 domo
2622 3168 2744 3218 sua

344 3260 755 3343 produxerit,
801 3260 1205 3344 interrogari
1250 3277 1383 3326 non
1417 3260 1687 3343 placuit.
1737 3261 2076 3328 Mandatis
2110 3266 2408 3343 cavetur,
2441 3264 2514 3326 ut
2547 3275 2748 3341 prae·

343 3363 528 3430 sides
568 3367 952 3448 attendant,
996 3382 1081 3431 ne
1114 3364 1401 3447 patroni,
1432 3366 1893 3447 prolocutores
1924 3366 2033 3435 vel
2065 3364 2379 3434 advocati
2410 3364 2483 3429 in
2520 3381 2753 3445 causa,

347 3469 455 3532 cui
502 3467 943 3549 patrocinium
989 3468 1478 3551 praestiterint,
1524 3469 1979 3537 testimonium
2018 3469 2265 3537 dicant.
2314 3468 2507 3552 Quod
2537 3467 2744 3533 etiam

347 3569 417 3635 in
464 3571 932 3639 executoribus
979 3572 1398 3655 negotiorum
1459 3575 1948 3640 observandum
1996 3578 2117 3641 est.

557 3693 642 3759 It.
687 3694 746 3759 N
768 3700 928 3775 ota,
975 3697 1150 3774 quod
1196 3713 1421 3762 omnes
1457 3696 1754 3762 homines
1785 3699 1870 3762 ad
1904 3696 2255 3762 dicendum
2290 3691 2749 3760 testimonium

352 3797 813 3881 admittuntur,
866 3796 997 3864 nisi
1042 3800 1152 3878 qui
1199 3797 1460 3881 legibus
1508 3800 1965 3881 prohibentur,
2028 3809 2098 3865 et
2157 3799 2255 3865 illi
2316 3797 2754 3864 continentur·

352 3901 691 3968 versibus:
749 3902 1216 3986 „Conditio,
1263 3921 1539 3986 sexus,
1587 3908 1849 3985 aetaS,
1896 3903 2348 3985 discretio,
2409 3901 2627 3968 fama
2673 3906 2747 3968 et

354 4001 1013 4090 fortuna,.fides:
1047 4006 1122 4072 in
1175 4008 1567 4074 testibus
1613 4005 1791 4073 ista
1826 4008 2264 4089 requires3
2295 4009 2445 4072 sed
2475 4006 2753 4089 pueri,

355 4111 612 4192 servi,
656 4111 1322 4194 mulieres,·sive
1356 4111 2200 4195 protervi,jud.aeus‚
2231 4111 2745 4194 fui-,pauper

357 4229 515 4281 non
559 4222 926 4297 possunt
972 4233 1162 4282 esse
1208 4216 1655 4284 licenter.“
1711 4216 1801 4282 Et
1840 4234 2129 4299 expone:
2179 4215 2624 4283 Conditio:
2670 4223 2757 4282 ut.

356 4334 604 4403 servnS,
649 4320 762 4401 qui
807 4319 964 4387 vilis
995 4319 1393 4386 conditionis
1426 4329 1549 4402 est,
1585 4339 1683 4403 e0‚
1714 4322 1889 4401 quod
1920 4320 2233 4402 proprius
2266 4325 2389 4387 cst.
2437 4319 2481 4385 S
2502 4338 2744 4388 exus:
