3275 5009
662 403 664 412 .
698 369 866 421 Brunenses.
1331 369 1381 423 191

287 577 369 659 465,
399 575 471 641 466.
501 577 643 643 duratus
674 593 775 656 super
808 573 954 641 veritate
986 575 1128 642 dicenda
1160 576 1380 642 induciandus

179 686 238 748 est
280 683 328 750 VI
365 680 569 765 septimanis,
615 679 795 746 secundum
842 680 1114 746 consuetudinem
1160 679 1380 747 scabinorum.

176 786 229 852 Et
275 803 346 852 cum
392 785 453 851 tali
497 783 636 850 licentia
680 783 861 865 impetrata
905 783 1069 865 deposuit,
1120 787 1209 864 quod
1253 785 1292 851 N.
1339 786 1380 851 de

163 891 322 962 uulnere
350 908 410 970 per
440 893 589 954 actorem
619 886 684 954 sibi
715 886 872 969 imposito
902 888 1062 954 innocens
1094 892 1195 966 esset,
1225 891 1261 954 et
1292 888 1381 968 quod

176 995 306 1077 hospes
334 993 429 1080 (talis
453 991 507 1058 vel
529 988 626 1074 talis)
656 991 781 1057 dictum
813 992 933 1058 vulnus
963 991 1145 1075 evaginato
1176 1010 1237 1059 suo
1268 991 1379 1077 gladio

175 1095 331 1177 fecisset,
354 1097 429 1178 quis
452 1096 600 1184 ipsorum
622 1101 657 1162 et
680 1096 826 1177 qualiter
849 1095 996 1178 pacienti
1013 1101 1047 1161 et
1059 1095 1165 1178 judici
1181 1095 1380 1164 satisfacere

173 1206 367 1286 teneretur,
390 1201 627 1284 interrogatur.
661 1199 715 1265 Et
746 1201 1042 1282 respondetur
1071 1201 1114 1266 in
1147 1201 1225 1268 hoo
1257 1218 1379 1267 casu:

177 1305 279 1391 Quod
302 1307 482 1372 secundum
500 1291 732 1370 testimonium
756 1303 864 1387 jurati
889 1309 942 1371 est
970 1306 1221 1387 procedendum,
1237 1308 1380 1372 *actoris

176 1410 387 1491 querimonia
412 1428 478 1477 non
502 1411 667 1476 obstante.
691 1407 788 1474 Unde
811 1408 877 1492 ille,
906 1426 1002 1489 quem
1021 1396 1157 1494 juratus
1187 1404 1282 1476 dixit*
1305 1428 1380 1476 essa

174 1533 274 1582 reum
298 1517 340 1581 de
361 1515 511 1597 vulnere,
534 1515 636 1580 debet
658 1511 859 1579 satisfacere
891 1512 956 1578 vid.
987 1515 1168 1579 secundum
1197 1500 1380 1595 quamlibet

173 1618 435 1700 mutilationem,
458 1617 486 1684 si
509 1616 621 1684 factae
646 1619 734 1698 sunt,
765 1633 825 1680 seu
855 1618 1117 1699 amputationem
1149 1617 1248 1701 digiti
1275 1618 1381 1702 jndioi

173 1725 244 1789 duo
268 1723 398 1790 talenta
421 1727 457 1788 et
480 1739 578 1805 passo
603 1719 748 1804 quinque
772 1721 904 1786 talenta
928 1721 1155 1802 persolvendo.

285 1853 358 1921 467.
382 1853 432 1916 De
446 1857 638 1938 juratorum
662 1873 803 1917 escoron.
829 1851 865 1918 Si
888 1851 1010 1932 aliquis
1034 1851 1244 1919 scabinorum
1264 1872 1378 1922 exues·

174 1958 266 2028 serit
288 1958 323 2026 iu
347 1976 552 2040 quacumque
575 1974 688 2040 causa,
707 1955 916 2040 judicabitur
938 1955 1026 2021 sicut
1047 1957 1136 2022 alter
1152 1954 1247 2042 civis,
1262 1961 1298 2024 et
1313 1976 1379 2024 non

175 2062 319 2148 gravius
337 2061 509 2145 punietur;
533 2079 607 2128 cum
623 2060 710 2127 enim
726 2061 886 2144 scriptum
904 2061 963 2127 sit:
990 2060 1132 2142 „Patere
1149 2061 1265 2144 legem,
1281 2081 1379 2142 quam

173 2168 254 2252 ipse
270 2166 420 2250 tuleris“,
436 2167 618 2232 concordat
629 2165 796 2248 Justitiae,
809 2165 965 2232 scabinos
981 2170 1151 2246 tamquam
1165 2165 1380 2249 legislatores

176 2274 316 2355 eisdem,
340 2271 458 2352 quibus
479 2270 634 2356 judicant
658 2269 748 2354 alios,
773 2271 906 2353 legibus
922 2269 1075 2354 judicari.

192 2458 194 2462 ,
284 2394 358 2459 468.
383 2390 475 2481 (Br.)
497 2391 553 2456 Ad
575 2393 667 2457 idam.

283 2515 356 2580 469.
380 2513 430 2576 De
446 2516 636 2598 juratorum
655 2513 853 2580 testimonio.v
871 2515 1014 2581 duratus
1030 2513 1065 2581 in
1081 2493 1239 2581 extremis
1256 2514 1378 2581 cousti-

173 2625 274 2687 tutus
298 2637 455 2703 eaquae
478 2622 629 2701 tempore
652 2616 753 2684 oflicii
776 2619 893 2684 suide
917 2618 1041 2686 debitis
1073 2616 1130 2691 uel
1160 2619 1272 2685 causis
1302 2619 1378 2687 aliis

176 2725 213 2792 in
236 2724 345 2807 ipsum
368 2726 558 2804 protestata
580 2722 724 2800 fuerunt,
748 2725 791 2789 ad
814 2723 913 2789 allum
929 2725 971 2790 de
988 2724 1171 2806 conjuratis
1188 2722 1256 2789 sois
1276 2727 1379 2791 causa

176 2829 357 2906 memoriae
380 2845 421 2893 ao
443 2827 626 2893 testimonii
650 2846 710 2909 pro
734 2827 808 2909 ipso
823 2825 954 2893 ferendi
970 2831 1082 2910 potest
1098 2829 1264 2894 deducere
1280 2829 1377 2910 pleno

173 2935 263 3018 jure.
294 2931 331 2998 Si
357 2936 470 2998 autem
500 2929 621 3011 aliquis
652 2949 718 2997 non
749 2931 900 2997 existens
927 2930 1062 3012 juratus
1094 2932 1254 3015 aJurato
1283 2932 1378 2998 audit

175 3037 270 3104 facta
293 3036 328 3102 in
350 3035 456 3117 ipsum
484 3039 683 3119 protestata,
714 3034 867 3116 idemque
894 3035 1026 3118 juratus
1058 3037 1200 3102 decedat
1224 3041 1259 3102 et
1282 3055 1376 3119 prae·

177 3143 292 3208 dictus
316 3144 434 3222 postea
466 3156 526 3220 per
549 3145 681 3220 tempus
711 3140 747 3206 in
773 3141 924 3225 juratum
955 3139 1194 3207 constituatur:
1226 3141 1305 3207 talis
1336 3144 1377 3209 de

178 3243 411 3328 praescriptis,
435 3261 520 3324 quae
544 3243 683 3326 audivit,
706 3245 779 3311 loco
798 3244 905 3328 Jnrati
928 3243 1133 3324 praemortui
1162 3245 1285 3311 testari
1312 3265 1376 3313 non

178 3352 303 3432 potest.
342 3347 487 3415 Obstant
521 3347 607 3414 enim
642 3349 722 3415 duo:
760 3347 857 3430 Quod
893 3348 969 3433 iste,
1008 3348 1066 3429 qui
1104 3354 1182 3415 actu
1220 3354 1377 3432 testatur,

178 3453 345 3522 invitatus
379 3470 446 3517 non
479 3450 582 3518 fuerit
617 3457 652 3518 el
686 3452 881 3533 specialiter
913 3457 1068 3534 rogatus3
1104 3456 1282 3519 secundum
1305 3460 1376 3521 est:

158 3559 278 3642 ¹Licet
300 3557 366 3624 iste
389 3561 520 3642 testans
554 3577 612 3638 pro
636 3576 724 3624 nunc
747 3557 793 3624 sit
811 3555 956 3640 juratus,
986 3561 1099 3622 tamen
1129 3557 1186 3623 illo
1217 3563 1375 3642 tempore,

179 3682 254 3730 oum
267 3664 415 3746 juratum
431 3661 570 3745 audivit,
582 3661 717 3744 juratus
734 3680 799 3729 nou
815 3659 896 3741 fult3
914 3679 1019 3741 quare
1034 3663 1100 3740 illa,
1116 3680 1202 3743 quae
1217 3667 1375 3748 testatur,

180 3765 372 3855 efficaciam,
396 3783 494 3846 quam
518 3768 623 3832 verba
641 3764 747 3848 jurati
769 3765 907 3847 faciunt,
931 3766 1122 3832 nullatenus
1138 3764 1331 3835 sortientur.

283 3907 356 3974 470.
383 3905 612 3970 Testimonium
628 3908 819 3991 juratorum
843 3916 889 3969 eut
911 3905 1078 3988 efficacias
1102 3927 1196 3988 quom
1220 3905 1374 3989 ollepatio

179 4010 378 4095 defentionis
401 4011 527 4073 ratione
550 4009 726 4084 voluerum.
757 4012 864 4077 Actor
891 4009 1116 4094 conqueritur,
1146 4011 1235 4090 quod
1265 4009 1374 4099 (talis)

177 4113 285 4197 ipsum
301 4115 532 4182 vulneraverit
548 4118 583 4180 et
598 4114 683 4180 velit
697 4115 760 4180 hoc
777 4134 838 4196 per
851 4116 999 4200 juratum
1018 4117 1177 4205 probare3
1200 4133 1278 4180 reus
1294 4135 1374 4182 vero

178 4221 409 4302 respondendo
426 4218 597 4285 consessus
613 4225 675 4299 est,
692 4222 779 4299 quod
795 4221 859 4286 hoo
875 4219 957 4286 fecit
973 4219 1040 4285 vim
1056 4220 1091 4287 vi
1101 4218 1299 4300 repellendo
1312 4220 1333 4287 1.
1346 4239 1373 4287 0.

183 4327 359 4404 „notwer“,
382 4323 533 4407 obligans
558 4341 594 4388 se
617 4324 660 4388 ad
683 4325 745 4389 hoc
770 4326 972 4406 probandum
997 4323 1190 4413 testimonio
1220 4327 1272 4389 tot
1299 4344 1372 4407 pro·
