3275 5009
257 320 291 369 48
775 317 942 371 Sententiae

258 526 473 607 processisse.
498 526 596 592 Unde
619 528 661 591 ab
686 527 758 607 ipsa
782 527 923 609 appelle,
956 533 1075 609 petens
1106 545 1178 593 eam
1211 527 1380 593 instanter
1410 528 1458 592 ad

140 624 146 633 ’
258 628 428 711 principie,
460 649 567 710 aquo
594 632 755 712 scriptum
786 636 839 696 est
869 630 1003 709 editum,
1034 632 1247 713 audientiam,
1278 650 1351 698 enm
1381 632 1456 713 ejus

258 734 304 798 sit
326 734 556 819 interpretari,
579 734 674 817 qu‘us
699 740 752 801 est
775 737 929 819 condere,
953 737 1207 801 deducendam.“

362 838 427 904 Est
451 839 551 905 etiam
578 842 767 917 notandam,
799 842 886 920 quod
916 842 1085 921 pendente
1117 840 1343 921 appellatione
1372 838 1457 905 nihil

259 941 369 1009 estin
393 944 510 1009 eadem
533 962 636 1009 causa
658 943 893 1010 innovandum.

362 1082 444 1157 aaa)
469 1079 619 1152 Qualiter
649 1081 831 1165 appellatio
862 1082 906 1147 ad
936 1082 1137 1148 audientiam
1167 1082 1271 1167 illias,
1300 1083 1345 1146 ael
1368 1105 1458 1166 quern
1520 1122 1524 1125 -

258 1184 449 1270 appeterem
473 1194 529 1263 est,
551 1186 596 1248 eit
620 1186 815 1252 deducenda.
839 1187 1032 1269 Appellatio
1056 1190 1156 1255 debet
1172 1193 1207 1254 et
1224 1206 1328 1253 causa
1343 1188 1456 1270 appel·

257 1288 394 1356 lationis
418 1292 461 1355 ad
484 1290 712 1372 praesentiam
733 1291 832 1372 illius,
856 1293 898 1357 ad
922 1312 1017 1373 quem
1041 1293 1246 1375 appellatum
1270 1298 1332 1373 est,
1356 1309 1456 1373 expe-

258 1395 328 1461 dite
365 1413 405 1461 ac
442 1395 594 1461 breviter
631 1396 758 1473 deduci,
797 1401 833 1462 θῖ
870 1398 975 1463 omnis
1014 1395 1184 1464 dilationis
1223 1396 1365 1462 materia
1402 1400 1455 1461 est

258 1500 472 1581 amputanda.

363 1640 450 1719 aaa)
473 1638 526 1701 Ea
547 1637 663 1721 quibas
687 1641 796 1702 canois
819 1639 1004 1724 appellatio
1027 1648 1139 1703 cessat.
1176 1640 1370 1722 Appellans,
1393 1638 1456 1705 nisi

258 1743 406 1827 legitime
444 1742 662 1825 praepeditos
696 1742 809 1828 fuerit,
844 1744 873 1810 si
907 1744 994 1812 infra
1029 1764 1089 1811 sex
1123 1742 1328 1825 septimanas
1364 1762 1456 1809 suam

173 1925 176 1930 y
258 1851 456 1929 prosecutus
502 1863 568 1911 non
605 1846 708 1913 fuerit
745 1850 1012 1931 appellationem,
1058 1868 1117 1931 pro
1163 1865 1228 1914 non
1266 1848 1470 1930 appellante

258 1952 431 2017 habeatnr.
454 1950 646 2017 Notandum
668 1956 790 2036 tamen,
814 1956 901 2034 quod
920 1953 1034 2036 jndex,
1054 1971 1120 2019 non
1137 1957 1293 2021 obstante
1310 1953 1456 2035 appalla-

259 2056 351 2121 tione
374 2055 407 2119 in
432 2073 534 2120 causa
561 2058 663 2123 debet
692 2061 883 2141 procedere,
914 2058 1001 2125 siout
1033 2061 1074 2125 de
1103 2062 1177 2143 jure
1208 2057 1311 2124 fuerit
1342 2076 1455 2138 prooe-

241 2160 403 2225 ‘dandum
427 2159 478 2240 (et
500 2160 562 2224 hoc
585 2160 620 2227 in
643 2163 796 2228 timorem
817 2162 966 2229 faciliter
991 2162 1218 2247 appellantis).

364 2304 446 2389 aaa)
473 2306 524 2367 De
543 2326 699 2387 prooeaan
730 2306 976 2391 appellationis.
1009 2307 1194 2372 Processus
1224 2301 1456 2387 appellationis

259 2405 393 2473 miurus
418 2413 471 2473 cst
495 2408 680 2490 appellanti
704 2428 763 2491 per
782 2410 929 2493 jndicem
959 2415 993 2476 et
1012 2412 1154 2496 juratos,
1184 2415 1363 2489 antequam
1393 2408 1456 2473 iter

260 2512 504 2593 prosecutionis
528 2514 764 2592 appellationis
787 2515 939 2598 arripiat,
963 2515 1178 2597 solempniter
1200 2512 1415 2579 intimandus.

364 2650 453 2737 aaa)
464 2650 516 2713 De
528 2674 658 2717 encesaa
674 2655 768 2738 infra
780 2654 1035 2740 appellationem
1048 2654 1222 2719 commisso.
1240 2653 1274 2720 Si
1286 2652 1454 2734 appellans

260 2759 427 2838 pendente
436 2756 663 2839 appellatione
674 2776 833 2826 excessus
845 2759 1040 2842 committat,
1052 2776 1113 2841 per
1120 2755 1266 2839 judicem
1278 2755 1456 2839 proprium,

260 2879 326 2926 non
350 2863 507 2927 obstante
530 2862 764 2943 appellatione,
788 2868 901 2944 potest
925 2863 1049 2946 corrigi
1072 2867 1106 2927 θῖ
1130 2862 1250 2944 puniri.

365 3000 452 3087 69.b)
476 3000 527 3065 De
549 3003 759 3067 reiteratione
781 3000 1017 3087 appellationis
1035 3001 1205 3085 facienda.
1240 3002 1322 3067 Post
1346 3000 1456 3079 appel·

261 3105 395 3171 lationis
430 3124 544 3172 vocem
575 3106 740 3190 emissam,
769 3107 798 3172 si
822 3107 995 3189 appellans
1019 3106 1162 3172 forsitan
1192 3105 1296 3173 vellet
1320 3107 1457 3184 propter

262 3228 419 3277 excessus
444 3210 536 3291 prius
559 3211 751 3278 commissos
774 3212 939 3295 ejuratis
963 3210 1107 3294 gravari,
1137 3210 1258 3278 iterum
1288 3212 1457 3286 tamqnam

261 3334 281 3380 a
294 3314 459 3396 suspectis
471 3315 719 3381 rationabiliter
730 3314 925 3399 appellabit,
937 3316 1128 3396 nullamque
1140 3332 1279 3397 poenam
1290 3313 1459 3378 bursalem

261 3419 400 3502 proinde
425 3418 584 3501 patiatur.

368 3561 452 3630 tna)
486 3557 535 3620 De
565 3580 665 3620 caasa
695 3558 932 3641 appellationis
964 3567 1118 3643 quantana
1148 3557 1192 3620 aa
1221 3555 1457 3619 extinctionem.

210 3698 214 3705 ·
262 3662 510 3746 Appellationis
533 3667 636 3729 causa
659 3664 794 3730 sublata
817 3670 930 3731 cessat
957 3661 1148 3745 appellatio.

369 3803 454 3889 wli)
484 3804 536 3865 De
567 3802 827 3887 appellationem
855 3803 1133 3885 interpretatione.
1167 3796 1359 3880 Appellatio
1389 3798 1461 3864 sine

263 3907 399 3990 seriptis
423 3907 494 3972 lata
516 3911 552 3971 et
574 3911 736 3973 revocata
759 3926 857 3974 cassa
881 3912 933 3975 est
956 3910 991 3972 et
1014 3922 1111 3972 vane.
1136 3902 1171 3969 Si
1195 3907 1308 3968 autem
1324 3902 1461 3983 scriptis

263 4012 334 4077 lata
359 4017 412 4077 est
435 4017 471 4077 et
490 4011 658 4093 scriptura
674 4010 829 4076 diversos
846 4029 964 4076 sensus
981 4008 1252 4090 comprehendat,
1269 4005 1471 4071 admittitur

264 4114 465 4197 appellati03
487 4133 583 4181 secus
606 4119 719 4181 autem
744 4121 806 4197 est,
831 4115 1010 4181 sitantum
1034 4132 1135 4180 uuum
1158 4128 1292 4177 sensum
1313 4127 1463 4192 compre·

263 4220 390 4286 heudit.
426 4220 523 4285 Circa
546 4220 608 4285 hoc
632 4221 733 4285 etiam
756 4221 945 4301 notandum,
970 4222 1056 4298 quod
1080 4218 1109 4283 si
1132 4215 1281 4299 appellat
1303 4213 1341 4291 ie,
1365 4214 1460 4297 ouius

264 4344 329 4391 non
352 4324 505 4405 interest,
528 4342 594 4389 non
618 4330 671 4391 est
692 4324 887 4389 audiendus.
