3275 5009
1349 379 1686 431 BrunenseS.
2615 378 2714 430 197

316 584 605 665 jurando
652 586 834 651 cadit
881 591 950 652 et
995 603 1260 652 causam
1311 586 1572 652 obtinet
1617 587 1727 653 vel
1776 587 2044 668 amittit,
2079 585 2137 652 si
2171 590 2394 651 tamen
2423 587 2712 652 adversa

333 705 477 768 pars
526 707 644 770 pro
692 708 765 755 se
811 690 934 755 hoc
981 689 1256 771 petierit
1303 690 1740 771 sententiari3
1804 709 1935 769 qua
2001 689 2325 771 petitione
2382 691 2711 773 neglecta,

327 790 390 860 si
433 793 799 859 advocatus
846 793 1092 859 viduae
1132 792 1242 875 jus
1289 793 1611 860 muliebre
1658 794 1786 860 sibi
1834 794 2148 877 excipiat,
2178 794 2302 859 tali
2325 793 2476 876 jure
2509 795 2710 861 debet

331 886 634 979 gaudere,
682 917 770 963 sc.
820 899 993 976 quod
1039 897 1248 964 vicem
1298 897 1398 964 rei
1446 903 1686 963 tenens
1726 897 2014 980 jurando
2060 917 2191 964 non
2236 898 2436 964 cadit.

527 1001 771 1067 Mulier
829 1003 1088 1068 habens
1151 1003 1460 1068 maritum
1506 1021 1546 1066 a
1594 1001 1873 1068 civitate
1928 1001 2372 1067 declinantem
2418 1007 2488 1066 et
2534 1020 2706 1068 anno

318 1109 392 1170 et
436 1106 543 1171 die
588 1105 889 1188 legitime
958 1124 1089 1172 non
1137 1105 1527 1187 impeditum
1586 1105 1697 1170 vel
1759 1107 2104 1171 absentem
2170 1105 2587 1188 existentem,
2650 1106 2706 1172 si

326 1209 529 1274 medio
575 1214 872 1291 tempore
929 1210 1223 1275 civiliter
1286 1210 1375 1293 (h.
1424 1228 1476 1274 e.
1525 1228 1644 1291 pro
1692 1210 2225 1291 possessionibus
2272 1210 2383 1295 vel
2428 1211 2706 1294 debitis)

324 1313 389 1377 in
441 1332 710 1379 causam
778 1314 1090 1396 trahitur,
1158 1315 1243 1379 ad
1305 1315 1840 1395 respondendum
1901 1313 2205 1395 compelli
2268 1332 2398 1379 non
2461 1320 2702 1395 potest.

324 1416 479 1483 Post
547 1416 796 1483 dictum
865 1437 1027 1483 vero
1088 1423 1369 1501 tempuS‚
1435 1419 1607 1496 quod
1672 1418 1962 1498 spatium
2023 1417 2575 1499 praescriptionis
2636 1419 2704 1484 in

315 1521 454 1604 jure
501 1520 684 1587 civili
731 1521 1051 1604 continet,
1113 1540 1243 1587 non
1299 1525 1612 1588 obstante
1681 1521 1899 1587 mariti
1965 1521 2293 1602 absentia,
2354 1522 2411 1586 si
2471 1522 2705 1588 mulier

316 1626 398 1690 ad
445 1625 763 1709 judicium
827 1625 1038 1695 citata
1099 1625 1324 1704 fuerit,
1387 1628 1472 1690 ad
1533 1630 1748 1691 motas
1819 1626 1949 1691 sibi
2016 1625 2460 1704 querimonias
2530 1645 2701 1693 com·

316 1729 595 1808 pelletur
644 1731 1072 1813 respondere.
1118 1730 1532 1814 Praenotato
1593 1730 1791 1797 etiam
1857 1735 2156 1810 tempore
2218 1730 2374 1795 anni
2438 1738 2508 1796 et
2568 1732 2702 1797 diei

310 1839 638 1915 currente,
684 1833 743 1898 si
788 1833 1027 1898 mulier
1072 1833 1359 1914 aliquem
1398 1833 1653 1918 judicio
1703 1834 2112 1915 convenerit,
2176 1852 2257 1898 ex
2320 1834 2463 1917 hoc,
2527 1837 2701 1914 quod

317 1935 529 2004 vivum
599 1938 808 2003 habet
876 1937 1199 2021 maritum,
1267 1937 1380 2016 qui
1440 1956 1573 2003 non
1634 1941 1848 2018 adest,
1908 1943 2277 2022 conventus
2337 1956 2467 2002 non
2533 1957 2700 2004 com·

315 2040 591 2120 pelletur
624 2044 768 2127 ejus
802 2042 1289 2126 objectionibus
1322 2044 1745 2125 respondere.
1781 2042 1873 2107 Et
1906 2048 2012 2107 est
2037 2060 2255 2117 causa,
2283 2041 2437 2120 quia
2460 2042 2703 2108 mulier

314 2145 635 2228 maritata,
704 2164 851 2211 cum
920 2148 1235 2212 bonorum
1304 2164 1436 2211 non
1506 2146 1598 2211 sit
1665 2145 1946 2227 domina,
2013 2145 2188 2210 sicut
2254 2146 2400 2211 viro
2467 2165 2575 2212 res
2625 2154 2697 2212 et

313 2249 761 2328 possessiones
819 2268 948 2315 non
1007 2256 1231 2332 potest
1292 2252 1590 2333 perdere,
1654 2250 1752 2315 sic
1814 2267 1937 2315 nec
2000 2254 2225 2330 potest
2284 2249 2700 2332 judicialiter

312 2353 627 2420 obtinere.

508 2458 588 2524 In
618 2459 1119 2525 venditionibus
1146 2465 1215 2524 et
1240 2459 1684 2540 emptionibus
1717 2476 1937 2524 rerum
1971 2461 2275 2522 ornatum
2308 2457 2695 2524 muliebrem

311 2560 824 2644 respicientium,
872 2563 1238 2648 cujusmodi
1285 2563 1481 2644 pepla
1527 2570 1702 2646 sunt,
1747 2562 1982 2643 vittae,
2036 2561 2319 2627 crinalia
2368 2566 2438 2627 et
2484 2563 2695 2629 consi-

310 2663 499 2748 milia,
543 2668 890 2733 dummodo
939 2686 1070 2732 non
1102 2667 1236 2733 sint
1270 2668 1490 2750 magni
1521 2667 1741 2749 pretii,
1773 2667 1927 2747 quia
1957 2665 2348 2745 frequenter
2380 2666 2689 2733 mulieres

313 2767 449 2833 sine
517 2769 808 2837 virorum
876 2771 1265 2852 praesentia
1332 2771 1497 2836 talia
1564 2775 1887 2853 tractant,
1946 2780 2228 2852 possunt
2282 2769 2698 2851 judicialiter

314 2874 709 2939 contendere
771 2880 840 2938 et
886 2874 1096 2940 vicem
1161 2874 1412 2941 actoris
1475 2880 1545 2940 et
1604 2875 1703 2940 rei
1764 2892 2017 2958 gerere,
2079 2866 2207 2938 non
2266 2875 2694 2942 obstantibus

315 2974 593 3041 virorum
642 2994 907 3041 suorum
956 2978 1282 3058 absentia,
1329 2979 1810 3060 praedictaque
1856 2975 2120 3060 justitia
2164 2977 2485 3058 rigorosa.

518 3080 908 3166 (Residuum
1001 3100 1159 3148 vero
1252 3101 1498 3162 quaere
1569 3101 1799 3163 supra:
1896 3080 2059 3164 „De
2142 3082 2695 3166 juramento

314 3183 848 3268 mulieris“.)

508 3308 652 3371 488.
714 3305 816 3367 Da
861 3304 1198 3368 mulierum
1247 3306 1347 3370 vel
1388 3306 2204 3392 viryinum'oppressione.
2280 3306 2692 3390 Quicumque

309 3408 394 3481 de
455 3409 884 3492 oppressione
955 3409 1252 3476 violenta
1318 3412 1662 3478 convictus
1725 3409 1951 3490 fuerit,
2018 3409 2480 3477 decollabitur.
2546 3413 2696 3480 Tali

310 3517 520 3578 autem
567 3515 758 3578 modo
814 3513 1158 3579 vincetur:
1224 3515 1289 3581 Si
1356 3515 1547 3598 virgo
1614 3513 1821 3580 fuerit
1886 3513 2230 3596 deflorata,
2294 3519 2414 3579 aut
2459 3516 2697 3583 mulier

314 3613 584 3684 honesta
649 3617 922 3699 violata,
1001 3635 1128 3684 uno
1191 3623 1370 3684 teste
1433 3619 1502 3684 in
1569 3636 1816 3699 campo,
1886 3617 2032 3683 sive
2095 3618 2186 3682 sit
2251 3623 2484 3698 pastor
2547 3620 2693 3688 sive

310 3717 490 3813 aliuS,
532 3721 792 3786 duobus
839 3739 1000 3786 vero
1047 3721 1117 3786 in
1164 3721 1441 3789 civitate
1500 3721 1760 3804 egebit3
1817 3739 1941 3802 per
1988 3739 2151 3801 quos
2198 3719 2257 3786 si
2304 3723 2694 3803 probaverit

313 3839 382 3888 se
421 3824 834 3891 exclamasse
879 3823 993 3889 illo
1041 3832 1355 3908 tempore,
1404 3842 1544 3890 cum
1596 3842 1919 3906 oppressa
1966 3825 2076 3890 vel
2107 3831 2302 3904 rapta
2333 3823 2554 3908 fuerit,
2586 3828 2696 3894 vel

310 3928 526 3993 statim
592 3931 831 4008 postea
876 3945 1062 3993 suam
1109 3927 1584 4009 querimoniam
1629 3929 2072 4009 proposuerit,
2132 3928 2461 3994 intentum
2523 3931 2693 3995 obti-

312 4029 502 4095 nebit.
549 4029 623 4096 Si
668 4049 829 4096 vero
876 4031 1069 4114 virgo
1117 4031 1221 4097 vel
1281 4029 1520 4097 mulier
1582 4032 1888 4113 honesta,
1933 4048 2079 4124 291}
2142 4032 2395 4097 habens
2459 4038 2692 4118 testeS,

305 4149 447 4198 cum
494 4133 710 4216 signis
757 4121 1211 4216 oppressionis
1265 4140 1334 4199 et
1380 4133 1746 4201 violentiae
1809 4134 1937 4201 sibi
1997 4135 2243 4216 factae,
2307 4137 2480 4203 sicut
2542 4157 2691 4204 san-

306 4237 692 4318 guinolenta
720 4247 790 4303 et
814 4256 958 4304 cum
991 4238 1293 4305 vestibus
1326 4236 1666 4321 laceratiS‚
1700 4242 2064 4317 conquesta
2094 4238 2315 4324 fuerit,
2346 4240 2690 4310 incusatus

309 4356 445 4406 cum
503 4342 756 4407 duobus
823 4341 1114 4408 testibus
1176 4340 1432 4406 idoneis
1496 4361 1568 4407 se
1634 4342 2054 4425 expurgabit.
2121 4341 2191 4407 Si
2255 4349 2479 4410 autem
2544 4345 2691 4412 sine
