<?xml version="1.0" encoding="UTF-8"?>
<!DOCTYPE html PUBLIC "-//W3C//DTD XHTML 1.0 Transitional//EN"
    "http://www.w3.org/TR/xhtml1/DTD/xhtml1-transitional.dtd">
<html xmlns="http://www.w3.org/1999/xhtml" xml:lang="en" lang="en">
 <head>
  <title>
</title>
<meta http-equiv="Content-Type" content="text/html;charset=utf-8" />
  <meta name='ocr-system' content='tesseract 3.04.00' />
  <meta name='ocr-capabilities' content='ocr_page ocr_carea ocr_par ocr_line ocrx_word'/>
</head>
<body>
  <div class='ocr_page' id='page_1' title='image "./codexjurisbohem00unkngoog_0185.png"; bbox 0 0 3275 5009; ppageno 0'>
   <div class='ocr_carea' id='block_1_1' title="bbox 692 369 1375 428">
    <p class='ocr_par' dir='ltr' id='par_1_1' title="bbox 692 369 1375 428">
     <span class='ocr_line' id='line_1_1' title="bbox 692 369 1375 428; baseline 0.007 -6"><span class='ocrx_word' id='word_1_1' title='bbox 692 369 860 423; x_wconf 88' lang='lat' dir='ltr'>Brunenses.</span> <span class='ocrx_word' id='word_1_2' title='bbox 1324 374 1375 428; x_wconf 88' lang='grc'>169</span> 
     </span>
    </p>
   </div>
   <div class='ocr_carea' id='block_1_2' title="bbox 162 578 1384 1077">
    <p class='ocr_par' dir='ltr' id='par_1_2' title="bbox 162 578 1384 1077">
     <span class='ocr_line' id='line_1_2' title="bbox 167 578 1384 663; baseline 0.007 -21"><span class='ocrx_word' id='word_1_3' title='bbox 167 595 345 643; x_wconf 88' lang='lat' dir='ltr'>munerum</span> <span class='ocrx_word' id='word_1_4' title='bbox 375 579 554 644; x_wconf 92' lang='lat' dir='ltr'>eorundem</span> <span class='ocrx_word' id='word_1_5' title='bbox 580 579 656 661; x_wconf 91' lang='lat' dir='ltr'>jure</span> <span class='ocrx_word' id='word_1_6' title='bbox 690 596 750 644; x_wconf 89' lang='lat' dir='ltr'>suo</span> <span class='ocrx_word' id='word_1_7' title='bbox 784 578 971 663; x_wconf 78' lang='lat' dir='ltr'><strong>fraudatur,</strong></span> <span class='ocrx_word' id='word_1_8' title='bbox 1014 580 1088 662; x_wconf 88' lang='lat' dir='ltr'>ipsa</span> <span class='ocrx_word' id='word_1_9' title='bbox 1120 586 1257 647; x_wconf 90' lang='lat' dir='ltr'>tenetur</span> <span class='ocrx_word' id='word_1_10' title='bbox 1291 585 1384 650; x_wconf 89' lang='lat' dir='ltr'>dare·</span> 
     </span>
     <span class='ocr_line' id='line_1_3' title="bbox 167 683 1373 768; baseline 0.006 -22"><span class='ocrx_word' id='word_1_11' title='bbox 167 686 210 746; x_wconf 85' lang='lat' dir='ltr'>et</span> <span class='ocrx_word' id='word_1_12' title='bbox 231 683 424 764; x_wconf 76' lang='lat' dir='ltr'>restituere,</span> <span class='ocrx_word' id='word_1_13' title='bbox 448 683 544 764; x_wconf 90' lang='lat' dir='ltr'>pleno</span> <span class='ocrx_word' id='word_1_14' title='bbox 565 685 655 767; x_wconf 87' lang='lat' dir='ltr'>jure;</span> <span class='ocrx_word' id='word_1_15' title='bbox 679 702 745 748; x_wconf 94' lang='lat' dir='ltr'>non</span> <span class='ocrx_word' id='word_1_16' title='bbox 768 685 871 748; x_wconf 88' lang='lat' dir='ltr'>solum</span> <span class='ocrx_word' id='word_1_17' title='bbox 896 685 1090 768; x_wconf 89' lang='lat' dir='ltr'>hujusmodi,</span> <span class='ocrx_word' id='word_1_18' title='bbox 1112 683 1241 766; x_wconf 89' lang='lat' dir='ltr'>imoque</span> <span class='ocrx_word' id='word_1_19' title='bbox 1265 688 1373 754; x_wconf 84' lang='lat' dir='ltr'>omnia</span> 
     </span>
     <span class='ocr_line' id='line_1_4' title="bbox 171 785 1376 875; baseline 0.004 -23"><span class='ocrx_word' id='word_1_20' title='bbox 171 785 248 864; x_wconf 86' lang='lat' dir='ltr'>alia,</span> <span class='ocrx_word' id='word_1_21' title='bbox 281 804 366 866; x_wconf 89' lang='lat' dir='ltr'>quae</span> <span class='ocrx_word' id='word_1_22' title='bbox 397 805 438 852; x_wconf 85' lang='lat' dir='ltr'>ex</span> <span class='ocrx_word' id='word_1_23' title='bbox 463 788 567 858; x_wconf 90' lang='lat' dir='ltr'>dictis</span> <span class='ocrx_word' id='word_1_24' title='bbox 597 787 788 854; x_wconf 85' lang='lat' dir='ltr'>muneribus</span> <span class='ocrx_word' id='word_1_25' title='bbox 814 789 900 870; x_wconf 89' lang='lat' dir='ltr'>justi</span> <span class='ocrx_word' id='word_1_26' title='bbox 930 789 964 854; x_wconf 92' lang='lat' dir='ltr'>in</span> <span class='ocrx_word' id='word_1_27' title='bbox 990 788 1117 873; x_wconf 89' lang='lat' dir='ltr'>judicio</span> <span class='ocrx_word' id='word_1_28' title='bbox 1152 790 1376 875; x_wconf 78' lang='lat' dir='ltr'>perdiderint,</span> 
     </span>
     <span class='ocr_line' id='line_1_5' title="bbox 162 889 1372 980; baseline 0.004 -25"><span class='ocrx_word' id='word_1_29' title='bbox 162 889 276 972; x_wconf 85' lang='lat' dir='ltr'>judex</span> <span class='ocrx_word' id='word_1_30' title='bbox 309 889 488 959; x_wconf 86' lang='lat' dir='ltr'>refundere</span> <span class='ocrx_word' id='word_1_31' title='bbox 522 896 557 958; x_wconf 92' lang='lat' dir='ltr'>et</span> <span class='ocrx_word' id='word_1_32' title='bbox 590 891 624 958; x_wconf 94' lang='lat' dir='ltr'>in</span> <span class='ocrx_word' id='word_1_33' title='bbox 659 890 742 974; x_wconf 87' lang='lat' dir='ltr'>ipsis</span> <span class='ocrx_word' id='word_1_34' title='bbox 781 892 981 960; x_wconf 84' lang='lat' dir='ltr'>satisfacere</span> <span class='ocrx_word' id='word_1_35' title='bbox 1018 896 1120 960; x_wconf 87' lang='lat' dir='ltr'>debet</span> <span class='ocrx_word' id='word_1_36' title='bbox 1157 894 1372 980; x_wconf 78' lang='lat' dir='ltr'>integraliter</span> 
     </span>
     <span class='ocr_line' id='line_1_6' title="bbox 167 996 924 1077; baseline 0.007 -17"><span class='ocrx_word' id='word_1_37' title='bbox 167 1000 208 1061; x_wconf 91' lang='lat' dir='ltr'>et</span> <span class='ocrx_word' id='word_1_38' title='bbox 231 996 406 1077; x_wconf 88' lang='lat' dir='ltr'>complete.</span> <span class='ocrx_word' id='word_1_39' title='bbox 920 1027 924 1032; x_wconf 95' lang='lat'><em>·</em></span> 
     </span>
    </p>
   </div>
   <div class='ocr_carea' id='block_1_3' title="bbox 159 1134 1376 2471">
    <p class='ocr_par' dir='ltr' id='par_1_3' title="bbox 159 1134 1376 2471">
     <span class='ocr_line' id='line_1_7' title="bbox 184 1134 1373 1220; baseline 0.008 -24"><span class='ocrx_word' id='word_1_40' title='bbox 184 1209 186 1216; x_wconf 18' lang='grc' dir='ltr'><strong><em>Α</em></strong></span> <span class='ocrx_word' id='word_1_41' title='bbox 278 1135 351 1197; x_wconf 92' lang='grc'><strong><em>404.</em></strong></span> <span class='ocrx_word' id='word_1_42' title='bbox 373 1134 425 1198; x_wconf 84' lang='lat' dir='ltr'>De</span> <span class='ocrx_word' id='word_1_43' title='bbox 442 1135 552 1220; x_wconf 79' lang='lat' dir='ltr'>judice</span> <span class='ocrx_word' id='word_1_44' title='bbox 576 1134 683 1218; x_wconf 79' lang='lat' dir='ltr'>qualis</span> <span class='ocrx_word' id='word_1_45' title='bbox 707 1137 742 1197; x_wconf 76' lang='lat' dir='ltr'>irc</span> <span class='ocrx_word' id='word_1_46' title='bbox 766 1136 875 1219; x_wconf 81' lang='lat' dir='ltr'>officio</span> <span class='ocrx_word' id='word_1_47' title='bbox 898 1159 955 1199; x_wconf 82' lang='lat' dir='ltr'>amo</span> <span class='ocrx_word' id='word_1_48' title='bbox 981 1158 1047 1200; x_wconf 84' lang='lat' dir='ltr'>coac</span> <span class='ocrx_word' id='word_1_49' title='bbox 1067 1137 1188 1205; x_wconf 82' lang='lat' dir='ltr'>debeat.</span> <span class='ocrx_word' id='word_1_50' title='bbox 1212 1139 1324 1207; x_wconf 84' lang='lat' dir='ltr'>Judex</span> <span class='ocrx_word' id='word_1_51' title='bbox 1338 1139 1373 1205; x_wconf 85' lang='lat' dir='ltr'>in</span> 
     </span>
     <span class='ocr_line' id='line_1_8' title="bbox 164 1238 1372 1323; baseline 0.003 -19"><span class='ocrx_word' id='word_1_52' title='bbox 164 1238 281 1305; x_wconf 87' lang='lat' dir='ltr'>officio</span> <span class='ocrx_word' id='word_1_53' title='bbox 305 1257 365 1306; x_wconf 91' lang='lat' dir='ltr'>suo</span> <span class='ocrx_word' id='word_1_54' title='bbox 389 1257 454 1306; x_wconf 92' lang='lat' dir='ltr'>non</span> <span class='ocrx_word' id='word_1_55' title='bbox 478 1242 579 1306; x_wconf 89' lang='lat' dir='ltr'>debet</span> <span class='ocrx_word' id='word_1_56' title='bbox 598 1259 673 1306; x_wconf 88' lang='lat' dir='ltr'>esse</span> <span class='ocrx_word' id='word_1_57' title='bbox 690 1240 803 1323; x_wconf 83' lang='lat' dir='ltr'>gravis</span> <span class='ocrx_word' id='word_1_58' title='bbox 820 1248 856 1307; x_wconf 93' lang='lat' dir='ltr'>et</span> <span class='ocrx_word' id='word_1_59' title='bbox 872 1260 1032 1308; x_wconf 91' lang='lat' dir='ltr'>onerosus</span> <span class='ocrx_word' id='word_1_60' title='bbox 1049 1242 1253 1323; x_wconf 81' lang='lat' dir='ltr'>hominibus3</span> <span class='ocrx_word' id='word_1_61' title='bbox 1270 1245 1372 1309; x_wconf 91' lang='lat' dir='ltr'>debet</span> 
     </span>
     <span class='ocr_line' id='line_1_9' title="bbox 165 1332 1376 1429; baseline 0.007 -19"><span class='ocrx_word' id='word_1_62' title='bbox 165 1344 277 1410; x_wconf 88' lang='lat' dir='ltr'>etiam</span> <span class='ocrx_word' id='word_1_63' title='bbox 301 1361 375 1410; x_wconf 87' lang='lat' dir='ltr'>esse</span> <span class='ocrx_word' id='word_1_64' title='bbox 399 1362 419 1409; x_wconf 90' lang='lat' dir='ltr'>a</span> <span class='ocrx_word' id='word_1_65' title='bbox 438 1344 599 1412; x_wconf 82' lang='lat' dir='ltr'>violentia</span> <span class='ocrx_word' id='word_1_66' title='bbox 615 1351 650 1410; x_wconf 91' lang='lat' dir='ltr'>et</span> <span class='ocrx_word' id='word_1_67' title='bbox 666 1346 852 1428; x_wconf 86' lang='lat' dir='ltr'>cupiditate</span> <span class='ocrx_word' id='word_1_68' title='bbox 868 1332 1024 1429; x_wconf 89' lang='lat' dir='ltr'>remotus,</span> <span class='ocrx_word' id='word_1_69' title='bbox 1041 1366 1088 1429; x_wconf 93' lang='lat' dir='ltr'>eo,</span> <span class='ocrx_word' id='word_1_70' title='bbox 1105 1351 1193 1427; x_wconf 90' lang='lat' dir='ltr'>quod</span> <span class='ocrx_word' id='word_1_71' title='bbox 1209 1347 1376 1419; x_wconf 78' lang='lat' dir='ltr'>violentia.</span> 
     </span>
     <span class='ocr_line' id='line_1_10' title="bbox 163 1448 1372 1532; baseline 0.002 -16"><span class='ocrx_word' id='word_1_72' title='bbox 163 1454 226 1516; x_wconf 87' lang='lat' dir='ltr'>est</span> <span class='ocrx_word' id='word_1_73' title='bbox 262 1448 395 1531; x_wconf 81' lang='lat' dir='ltr'>legibus</span> <span class='ocrx_word' id='word_1_74' title='bbox 425 1449 560 1516; x_wconf 88' lang='lat' dir='ltr'>inimica</span> <span class='ocrx_word' id='word_1_75' title='bbox 595 1454 630 1515; x_wconf 90' lang='lat' dir='ltr'>et</span> <span class='ocrx_word' id='word_1_76' title='bbox 663 1449 815 1529; x_wconf 87' lang='lat' dir='ltr'>acceptio</span> <span class='ocrx_word' id='word_1_77' title='bbox 849 1468 1021 1516; x_wconf 89' lang='lat' dir='ltr'>munerum</span> <span class='ocrx_word' id='word_1_78' title='bbox 1048 1456 1101 1517; x_wconf 90' lang='lat' dir='ltr'>est</span> <span class='ocrx_word' id='word_1_79' title='bbox 1125 1452 1372 1532; x_wconf 81' lang='lat' dir='ltr'>praevaricatio</span> 
     </span>
     <span class='ocr_line' id='line_1_11' title="bbox 170 1553 1372 1638; baseline 0.002 -17"><span class='ocrx_word' id='word_1_80' title='bbox 170 1553 343 1621; x_wconf 87' lang='lat' dir='ltr'>veritatis.</span> <span class='ocrx_word' id='word_1_81' title='bbox 366 1554 406 1619; x_wconf 92' lang='lat' dir='ltr'>ln</span> <span class='ocrx_word' id='word_1_82' title='bbox 425 1555 538 1638; x_wconf 85' lang='lat' dir='ltr'>judice</span> <span class='ocrx_word' id='word_1_83' title='bbox 561 1573 626 1619; x_wconf 89' lang='lat' dir='ltr'>non</span> <span class='ocrx_word' id='word_1_84' title='bbox 651 1556 753 1620; x_wconf 92' lang='lat' dir='ltr'>debet</span> <span class='ocrx_word' id='word_1_85' title='bbox 777 1572 851 1621; x_wconf 89' lang='lat' dir='ltr'>esse</span> <span class='ocrx_word' id='word_1_86' title='bbox 874 1554 925 1620; x_wconf 91' lang='lat' dir='ltr'>ira</span> <span class='ocrx_word' id='word_1_87' title='bbox 954 1563 988 1620; x_wconf 91' lang='lat' dir='ltr'>et</span> <span class='ocrx_word' id='word_1_88' title='bbox 1018 1554 1119 1636; x_wconf 84' lang='lat' dir='ltr'>furor,</span> <span class='ocrx_word' id='word_1_89' title='bbox 1152 1558 1212 1622; x_wconf 88' lang='lat' dir='ltr'>sed</span> <span class='ocrx_word' id='word_1_90' title='bbox 1242 1562 1372 1623; x_wconf 89' lang='lat' dir='ltr'>tantum</span> 
     </span>
     <span class='ocr_line' id='line_1_12' title="bbox 169 1658 1371 1743; baseline 0.002 -20"><span class='ocrx_word' id='word_1_91' title='bbox 169 1658 263 1724; x_wconf 91' lang='lat' dir='ltr'>ratio</span> <span class='ocrx_word' id='word_1_92' title='bbox 295 1658 474 1740; x_wconf 89' lang='lat' dir='ltr'>dominari;</span> <span class='ocrx_word' id='word_1_93' title='bbox 507 1677 573 1724; x_wconf 94' lang='lat' dir='ltr'>non</span> <span class='ocrx_word' id='word_1_94' title='bbox 607 1659 694 1725; x_wconf 90' lang='lat' dir='ltr'>enim</span> <span class='ocrx_word' id='word_1_95' title='bbox 728 1659 780 1724; x_wconf 86' lang='lat' dir='ltr'>ira</span> <span class='ocrx_word' id='word_1_96' title='bbox 814 1659 879 1724; x_wconf 86' lang='lat' dir='ltr'>viri</span> <span class='ocrx_word' id='word_1_97' title='bbox 912 1659 977 1725; x_wconf 91' lang='lat' dir='ltr'>Dei</span> <span class='ocrx_word' id='word_1_98' title='bbox 1002 1659 1170 1743; x_wconf 88' lang='lat' dir='ltr'>justitiam</span> <span class='ocrx_word' id='word_1_99' title='bbox 1194 1670 1371 1743; x_wconf 81' lang='lat' dir='ltr'>operatur3</span> 
     </span>
     <span class='ocr_line' id='line_1_13' title="bbox 168 1762 1373 1848; baseline 0.002 -20"><span class='ocrx_word' id='word_1_100' title='bbox 168 1765 262 1829; x_wconf 91' lang='lat' dir='ltr'>unde</span> <span class='ocrx_word' id='word_1_101' title='bbox 287 1762 370 1828; x_wconf 91' lang='lat' dir='ltr'>nihil</span> <span class='ocrx_word' id='word_1_102' title='bbox 395 1764 496 1829; x_wconf 90' lang='lat' dir='ltr'>debet</span> <span class='ocrx_word' id='word_1_103' title='bbox 523 1763 627 1845; x_wconf 85' lang='lat' dir='ltr'>jndex</span> <span class='ocrx_word' id='word_1_104' title='bbox 655 1769 804 1844; x_wconf 90' lang='lat' dir='ltr'>tempore</span> <span class='ocrx_word' id='word_1_105' title='bbox 834 1763 904 1830; x_wconf 88' lang='lat' dir='ltr'>irae</span> <span class='ocrx_word' id='word_1_106' title='bbox 932 1764 1093 1848; x_wconf 88' lang='lat' dir='ltr'>judicare,</span> <span class='ocrx_word' id='word_1_107' title='bbox 1125 1767 1182 1830; x_wconf 89' lang='lat' dir='ltr'>sed</span> <span class='ocrx_word' id='word_1_108' title='bbox 1215 1784 1287 1831; x_wconf 94' lang='lat' dir='ltr'>cum</span> <span class='ocrx_word' id='word_1_109' title='bbox 1319 1771 1373 1831; x_wconf 90' lang='lat' dir='ltr'>est</span> 
     </span>
     <span class='ocr_line' id='line_1_14' title="bbox 165 1867 1371 1951; baseline 0.003 -19"><span class='ocrx_word' id='word_1_110' title='bbox 165 1867 204 1932; x_wconf 89' lang='lat' dir='ltr'>in</span> <span class='ocrx_word' id='word_1_111' title='bbox 227 1868 351 1933; x_wconf 86' lang='lat' dir='ltr'>mentis</span> <span class='ocrx_word' id='word_1_112' title='bbox 375 1867 638 1949; x_wconf 82' lang='lat' dir='ltr'>tranquillitate;</span> <span class='ocrx_word' id='word_1_113' title='bbox 673 1887 748 1934; x_wconf 93' lang='lat' dir='ltr'>nam</span> <span class='ocrx_word' id='word_1_114' title='bbox 783 1870 1020 1951; x_wconf 82' lang='lat' dir='ltr'>restringenda</span> <span class='ocrx_word' id='word_1_115' title='bbox 1054 1878 1108 1933; x_wconf 88' lang='lat' dir='ltr'>est</span> <span class='ocrx_word' id='word_1_116' title='bbox 1142 1873 1204 1935; x_wconf 90' lang='lat' dir='ltr'>sub</span> <span class='ocrx_word' id='word_1_117' title='bbox 1239 1871 1371 1936; x_wconf 90' lang='lat' dir='ltr'>ratione</span> 
     </span>
     <span class='ocr_line' id='line_1_15' title="bbox 167 1974 1371 2056; baseline 0.002 -19"><span class='ocrx_word' id='word_1_118' title='bbox 167 1979 335 2054; x_wconf 74' lang='lat' dir='ltr'>potestas</span> <span class='ocrx_word' id='word_1_119' title='bbox 358 1990 420 2038; x_wconf 89' lang='lat' dir='ltr'>nec</span> <span class='ocrx_word' id='word_1_120' title='bbox 442 1974 617 2053; x_wconf 86' lang='lat' dir='ltr'>quicquam</span> <span class='ocrx_word' id='word_1_121' title='bbox 641 1974 813 2056; x_wconf 84' lang='lat' dir='ltr'>agendum,</span> <span class='ocrx_word' id='word_1_122' title='bbox 835 1974 1023 2054; x_wconf 85' lang='lat' dir='ltr'>priusquam</span> <span class='ocrx_word' id='word_1_123' title='bbox 1040 1991 1132 2038; x_wconf 85' lang='lat' dir='ltr'>mens</span> <span class='ocrx_word' id='word_1_124' title='bbox 1150 1978 1311 2039; x_wconf 86' lang='lat' dir='ltr'>commota</span> <span class='ocrx_word' id='word_1_125' title='bbox 1328 1975 1371 2040; x_wconf 88' lang='lat' dir='ltr'>ad</span> 
     </span>
     <span class='ocr_line' id='line_1_16' title="bbox 159 2076 1373 2161; baseline 0.003 -21"><span class='ocrx_word' id='word_1_126' title='bbox 159 2076 319 2156; x_wconf 87' lang='lat' dir='ltr'>quietem</span> <span class='ocrx_word' id='word_1_127' title='bbox 343 2079 470 2159; x_wconf 88' lang='lat' dir='ltr'>redeat,</span> <span class='ocrx_word' id='word_1_128' title='bbox 505 2095 554 2160; x_wconf 92' lang='lat' dir='ltr'>eo,</span> <span class='ocrx_word' id='word_1_129' title='bbox 589 2080 676 2156; x_wconf 91' lang='lat' dir='ltr'>quod</span> <span class='ocrx_word' id='word_1_130' title='bbox 700 2078 928 2143; x_wconf 90' lang='lat' dir='ltr'>commotionis</span> <span class='ocrx_word' id='word_1_131' title='bbox 951 2085 1100 2158; x_wconf 89' lang='lat' dir='ltr'>tempore</span> <span class='ocrx_word' id='word_1_132' title='bbox 1120 2078 1248 2161; x_wconf 89' lang='lat' dir='ltr'>justum</span> <span class='ocrx_word' id='word_1_133' title='bbox 1272 2084 1373 2158; x_wconf 88' lang='lat' dir='ltr'>putat</span> 
     </span>
     <span class='ocr_line' id='line_1_17' title="bbox 166 2179 1371 2263; baseline 0 -17"><span class='ocrx_word' id='word_1_134' title='bbox 166 2198 268 2246; x_wconf 91' lang='lat' dir='ltr'>omne</span> <span class='ocrx_word' id='word_1_135' title='bbox 291 2198 376 2262; x_wconf 87' lang='lat' dir='ltr'>esse,</span> <span class='ocrx_word' id='word_1_136' title='bbox 400 2183 487 2260; x_wconf 90' lang='lat' dir='ltr'>quod</span> <span class='ocrx_word' id='word_1_137' title='bbox 510 2179 602 2247; x_wconf 83' lang='lat' dir='ltr'>facit.</span> <span class='ocrx_word' id='word_1_138' title='bbox 626 2180 738 2246; x_wconf 90' lang='lat' dir='ltr'>Debet</span> <span class='ocrx_word' id='word_1_139' title='bbox 761 2181 1005 2263; x_wconf 80' lang='lat' dir='ltr'>quoquejudex</span> <span class='ocrx_word' id='word_1_140' title='bbox 1020 2181 1254 2262; x_wconf 88' lang='lat' dir='ltr'>incompositos</span> <span class='ocrx_word' id='word_1_141' title='bbox 1272 2181 1371 2247; x_wconf 87' lang='lat' dir='ltr'>disci·</span> 
     </span>
     <span class='ocr_line' id='line_1_18' title="bbox 165 2285 1369 2367; baseline 0 -17"><span class='ocrx_word' id='word_1_142' title='bbox 165 2285 305 2367; x_wconf 83' lang='lat' dir='ltr'>plinare</span> <span class='ocrx_word' id='word_1_143' title='bbox 328 2292 362 2350; x_wconf 91' lang='lat' dir='ltr'>et</span> <span class='ocrx_word' id='word_1_144' title='bbox 385 2285 564 2366; x_wconf 79' lang='lat' dir='ltr'>praecipue</span> <span class='ocrx_word' id='word_1_145' title='bbox 589 2285 697 2349; x_wconf 90' lang='lat' dir='ltr'>noctis</span> <span class='ocrx_word' id='word_1_146' title='bbox 726 2290 875 2365; x_wconf 91' lang='lat' dir='ltr'>tempore</span> <span class='ocrx_word' id='word_1_147' title='bbox 905 2286 947 2351; x_wconf 92' lang='lat' dir='ltr'>ad</span> <span class='ocrx_word' id='word_1_148' title='bbox 970 2285 1249 2366; x_wconf 89' lang='lat' dir='ltr'>intercipiendum</span> <span class='ocrx_word' id='word_1_149' title='bbox 1278 2285 1369 2351; x_wconf 89' lang='lat' dir='ltr'>furta</span> 
     </span>
     <span class='ocr_line' id='line_1_19' title="bbox 163 2388 1367 2471; baseline 0 -15"><span class='ocrx_word' id='word_1_150' title='bbox 163 2396 204 2456; x_wconf 91' lang='lat' dir='ltr'>et</span> <span class='ocrx_word' id='word_1_151' title='bbox 227 2389 392 2456; x_wconf 88' lang='lat' dir='ltr'>maleficia</span> <span class='ocrx_word' id='word_1_152' title='bbox 416 2408 489 2454; x_wconf 89' lang='lat' dir='ltr'>cum</span> <span class='ocrx_word' id='word_1_153' title='bbox 513 2408 574 2454; x_wconf 91' lang='lat' dir='ltr'>sua</span> <span class='ocrx_word' id='word_1_154' title='bbox 596 2389 722 2456; x_wconf 83' lang='lat' dir='ltr'>familia</span> <span class='ocrx_word' id='word_1_155' title='bbox 739 2389 912 2456; x_wconf 89' lang='lat' dir='ltr'>civitatem</span> <span class='ocrx_word' id='word_1_156' title='bbox 928 2388 1083 2457; x_wconf 85' lang='lat' dir='ltr'>hincinde</span> <span class='ocrx_word' id='word_1_157' title='bbox 1099 2393 1367 2471; x_wconf 87' lang='lat' dir='ltr'>pertranseundo</span> 
     </span>
    </p>
   </div>
   <div class='ocr_carea' id='block_1_4' title="bbox 158 2493 1370 2664">
    <p class='ocr_par' dir='ltr' id='par_1_4' title="bbox 158 2493 1370 2664">
     <span class='ocr_line' id='line_1_20' title="bbox 158 2493 1370 2576; baseline 0 -16"><span class='ocrx_word' id='word_1_158' title='bbox 158 2493 352 2576; x_wconf 66' lang='lat' dir='ltr'>«custodire,</span> <span class='ocrx_word' id='word_1_159' title='bbox 384 2496 427 2559; x_wconf 91' lang='lat' dir='ltr'>ad</span> <span class='ocrx_word' id='word_1_160' title='bbox 461 2495 548 2574; x_wconf 91' lang='lat' dir='ltr'>quod</span> <span class='ocrx_word' id='word_1_161' title='bbox 578 2494 686 2576; x_wconf 87' lang='lat' dir='ltr'>jurati</span> <span class='ocrx_word' id='word_1_162' title='bbox 719 2512 832 2558; x_wconf 89' lang='lat' dir='ltr'>eorum</span> <span class='ocrx_word' id='word_1_163' title='bbox 868 2495 931 2561; x_wconf 83' lang='lat' dir='ltr'>sibi</span> <span class='ocrx_word' id='word_1_164' title='bbox 968 2497 1176 2575; x_wconf 90' lang='lat' dir='ltr'>praebebunt</span> <span class='ocrx_word' id='word_1_165' title='bbox 1210 2495 1370 2561; x_wconf 85' lang='lat' dir='ltr'>auxilium</span> 
     </span>
     <span class='ocr_line' id='line_1_21' title="bbox 159 2596 1190 2664; baseline -0.011 0"><span class='ocrx_word' id='word_1_166' title='bbox 159 2617 246 2664; x_wconf 86' lang='lat' dir='ltr'>cum</span> <span class='ocrx_word' id='word_1_167' title='bbox 270 2596 399 2664; x_wconf 83' lang='lat' dir='ltr'>effectu.</span> <span class='ocrx_word' id='word_1_168' title='bbox 1187 2611 1190 2615; x_wconf 47' lang='lat'><em>⁷</em></span> 
     </span>
    </p>
   </div>
   <div class='ocr_carea' id='block_1_5' title="bbox 156 2735 1372 3966">
    <p class='ocr_par' dir='ltr' id='par_1_5' title="bbox 156 2735 1372 3966">
     <span class='ocr_line' id='line_1_22' title="bbox 275 2735 1372 2823; baseline 0.007 -25"><span class='ocrx_word' id='word_1_169' title='bbox 275 2739 350 2802; x_wconf 85' lang='lat'><strong><em>405.</em></strong></span> <span class='ocrx_word' id='word_1_170' title='bbox 384 2737 434 2799; x_wconf 85' lang='lat' dir='ltr'>De</span> <span class='ocrx_word' id='word_1_171' title='bbox 457 2735 565 2819; x_wconf 80' lang='lat' dir='ltr'>officio</span> <span class='ocrx_word' id='word_1_172' title='bbox 585 2738 713 2821; x_wconf 77' lang='lat' dir='ltr'>judicia</span> <span class='ocrx_word' id='word_1_173' title='bbox 744 2749 897 2820; x_wconf 83' lang='lat' dir='ltr'>quantum</span> <span class='ocrx_word' id='word_1_174' title='bbox 921 2739 965 2800; x_wconf 83' lang='lat' dir='ltr'>ud</span> <span class='ocrx_word' id='word_1_175' title='bbox 978 2741 1120 2821; x_wconf 76' lang='lat' dir='ltr'>juratos.</span> <span class='ocrx_word' id='word_1_176' title='bbox 1152 2739 1249 2820; x_wconf 83' lang='lat' dir='ltr'>Item,</span> <span class='ocrx_word' id='word_1_177' title='bbox 1267 2740 1372 2823; x_wconf 81' lang='lat' dir='ltr'>judex</span> 
     </span>
     <span class='ocr_line' id='line_1_23' title="bbox 158 2841 1365 2924; baseline -0.001 -17"><span class='ocrx_word' id='word_1_178' title='bbox 158 2844 271 2909; x_wconf 87' lang='lat' dir='ltr'>debet</span> <span class='ocrx_word' id='word_1_179' title='bbox 289 2843 418 2924; x_wconf 88' lang='lat' dir='ltr'>juratos</span> <span class='ocrx_word' id='word_1_180' title='bbox 442 2845 609 2921; x_wconf 81' lang='lat' dir='ltr'>tamquam</span> <span class='ocrx_word' id='word_1_181' title='bbox 632 2841 846 2924; x_wconf 82' lang='lat' dir='ltr'>legislatores</span> <span class='ocrx_word' id='word_1_182' title='bbox 862 2847 1059 2908; x_wconf 83' lang='lat' dir='ltr'>reverenter</span> <span class='ocrx_word' id='word_1_183' title='bbox 1074 2848 1233 2924; x_wconf 87' lang='lat' dir='ltr'>tractare,</span> <span class='ocrx_word' id='word_1_184' title='bbox 1255 2843 1365 2907; x_wconf 86' lang='lat' dir='ltr'>nullas</span> 
     </span>
     <span class='ocr_line' id='line_1_24' title="bbox 164 2945 1370 3030; baseline -0.001 -17"><span class='ocrx_word' id='word_1_185' title='bbox 164 2966 229 3028; x_wconf 91' lang='lat' dir='ltr'>per</span> <span class='ocrx_word' id='word_1_186' title='bbox 241 2964 279 3011; x_wconf 89' lang='lat' dir='ltr'>se</span> <span class='ocrx_word' id='word_1_187' title='bbox 292 2945 479 3012; x_wconf 88' lang='lat' dir='ltr'>sententias</span> <span class='ocrx_word' id='word_1_188' title='bbox 495 2947 634 3028; x_wconf 90' lang='lat' dir='ltr'>dictare,</span> <span class='ocrx_word' id='word_1_189' title='bbox 651 2948 813 3013; x_wconf 90' lang='lat' dir='ltr'>neminem</span> <span class='ocrx_word' id='word_1_190' title='bbox 830 2947 902 3012; x_wconf 89' lang='lat' dir='ltr'>sine</span> <span class='ocrx_word' id='word_1_191' title='bbox 918 2947 1064 3026; x_wconf 89' lang='lat' dir='ltr'>ipsorum</span> <span class='ocrx_word' id='word_1_192' title='bbox 1080 2946 1167 3012; x_wconf 89' lang='lat' dir='ltr'>scitu</span> <span class='ocrx_word' id='word_1_193' title='bbox 1184 2947 1370 3030; x_wconf 85' lang='lat' dir='ltr'>captivare,</span> 
     </span>
     <span class='ocr_line' id='line_1_25' title="bbox 156 3049 1366 3132; baseline -0.003 -15"><span class='ocrx_word' id='word_1_194' title='bbox 156 3051 327 3117; x_wconf 84' lang='lat' dir='ltr'>emendas</span> <span class='ocrx_word' id='word_1_195' title='bbox 351 3049 502 3115; x_wconf 85' lang='lat' dir='ltr'>civitatis</span> <span class='ocrx_word' id='word_1_196' title='bbox 526 3049 680 3116; x_wconf 87' lang='lat' dir='ltr'>sibinen</span> <span class='ocrx_word' id='word_1_197' title='bbox 704 3050 923 3132; x_wconf 88' lang='lat' dir='ltr'>appropriare</span> <span class='ocrx_word' id='word_1_198' title='bbox 949 3067 1011 3115; x_wconf 90' lang='lat' dir='ltr'>nee</span> <span class='ocrx_word' id='word_1_199' title='bbox 1035 3051 1190 3116; x_wconf 87' lang='lat' dir='ltr'>emendas</span> <span class='ocrx_word' id='word_1_200' title='bbox 1217 3053 1261 3117; x_wconf 90' lang='lat' dir='ltr'>ad</span> <span class='ocrx_word' id='word_1_201' title='bbox 1293 3069 1366 3116; x_wconf 92' lang='lat' dir='ltr'>eum</span> 
     </span>
     <span class='ocr_line' id='line_1_26' title="bbox 164 3152 1369 3238; baseline -0.002 -17"><span class='ocrx_word' id='word_1_202' title='bbox 164 3153 389 3236; x_wconf 86' lang='lat' dir='ltr'>pertinentes,</span> <span class='ocrx_word' id='word_1_203' title='bbox 420 3152 485 3220; x_wconf 87' lang='lat' dir='ltr'>nisi</span> <span class='ocrx_word' id='word_1_204' title='bbox 509 3159 683 3235; x_wconf 87' lang='lat' dir='ltr'>postquam</span> <span class='ocrx_word' id='word_1_205' title='bbox 708 3154 872 3236; x_wconf 83' lang='lat' dir='ltr'>ajnratis</span> <span class='ocrx_word' id='word_1_206' title='bbox 903 3154 1116 3235; x_wconf 83' lang='lat' dir='ltr'>adiudicatae</span> <span class='ocrx_word' id='word_1_207' title='bbox 1146 3154 1209 3219; x_wconf 91' lang='lat' dir='ltr'>sibi</span> <span class='ocrx_word' id='word_1_208' title='bbox 1232 3153 1369 3238; x_wconf 83' lang='lat' dir='ltr'>tuerint,</span> 
     </span>
     <span class='ocr_line' id='line_1_27' title="bbox 160 3257 1368 3341; baseline -0.001 -16"><span class='ocrx_word' id='word_1_209' title='bbox 160 3260 340 3341; x_wconf 88' lang='lat' dir='ltr'>recipere;</span> <span class='ocrx_word' id='word_1_210' title='bbox 362 3258 397 3322; x_wconf 91' lang='lat' dir='ltr'>in</span> <span class='ocrx_word' id='word_1_211' title='bbox 419 3257 481 3322; x_wconf 90' lang='lat' dir='ltr'>tali</span> <span class='ocrx_word' id='word_1_212' title='bbox 503 3259 699 3339; x_wconf 90' lang='lat' dir='ltr'>receptione</span> <span class='ocrx_word' id='word_1_213' title='bbox 722 3260 925 3341; x_wconf 86' lang='lat' dir='ltr'>pauperibus</span> <span class='ocrx_word' id='word_1_214' title='bbox 949 3258 1091 3340; x_wconf 79' lang='lat' dir='ltr'>gratiam</span> <span class='ocrx_word' id='word_1_215' title='bbox 1118 3258 1249 3338; x_wconf 71' lang='lat' dir='ltr'>facere,</span> <span class='ocrx_word' id='word_1_216' title='bbox 1272 3278 1368 3340; x_wconf 87' lang='lat' dir='ltr'>prae·</span> 
     </span>
     <span class='ocr_line' id='line_1_28' title="bbox 162 3362 1369 3446; baseline -0.002 -18"><span class='ocrx_word' id='word_1_217' title='bbox 162 3363 316 3445; x_wconf 84' lang='lat' dir='ltr'>scriptos</span> <span class='ocrx_word' id='word_1_218' title='bbox 340 3369 418 3426; x_wconf 91' lang='lat' dir='ltr'>eta</span> <span class='ocrx_word' id='word_1_219' title='bbox 443 3362 582 3429; x_wconf 83' lang='lat' dir='ltr'>civitate</span> <span class='ocrx_word' id='word_1_220' title='bbox 607 3363 757 3442; x_wconf 88' lang='lat' dir='ltr'>repulsos</span> <span class='ocrx_word' id='word_1_221' title='bbox 782 3363 855 3429; x_wconf 91' lang='lat' dir='ltr'>sine</span> <span class='ocrx_word' id='word_1_222' title='bbox 873 3365 1062 3446; x_wconf 77' lang='lat' dir='ltr'>Juratorum</span> <span class='ocrx_word' id='word_1_223' title='bbox 1085 3381 1248 3428; x_wconf 90' lang='lat' dir='ltr'>consensu</span> <span class='ocrx_word' id='word_1_224' title='bbox 1265 3363 1369 3427; x_wconf 91' lang='lat' dir='ltr'>nulla-</span> 
     </span>
     <span class='ocr_line' id='line_1_29' title="bbox 158 3466 1369 3550; baseline 0 -18"><span class='ocrx_word' id='word_1_225' title='bbox 158 3473 269 3532; x_wconf 85' lang='lat' dir='ltr'>tenus</span> <span class='ocrx_word' id='word_1_226' title='bbox 293 3483 520 3546; x_wconf 72' lang='lat' dir='ltr'>reassumere,</span> <span class='ocrx_word' id='word_1_227' title='bbox 544 3468 584 3532; x_wconf 87' lang='lat' dir='ltr'>de</span> <span class='ocrx_word' id='word_1_228' title='bbox 604 3467 714 3549; x_wconf 82' lang='lat' dir='ltr'>sigillo</span> <span class='ocrx_word' id='word_1_229' title='bbox 731 3473 766 3532; x_wconf 91' lang='lat' dir='ltr'>et</span> <span class='ocrx_word' id='word_1_230' title='bbox 782 3466 969 3549; x_wconf 83' lang='lat' dir='ltr'>privilegiis</span> <span class='ocrx_word' id='word_1_231' title='bbox 986 3466 1144 3548; x_wconf 71' lang='lat' dir='ltr'>civitatis⁴</span> <span class='ocrx_word' id='word_1_232' title='bbox 1160 3484 1245 3546; x_wconf 89' lang='lat' dir='ltr'>quae</span> <span class='ocrx_word' id='word_1_233' title='bbox 1261 3468 1369 3550; x_wconf 85' lang='lat' dir='ltr'>jurati</span> 
     </span>
     <span class='ocr_line' id='line_1_30' title="bbox 160 3570 1367 3655; baseline 0 -19"><span class='ocrx_word' id='word_1_234' title='bbox 160 3573 296 3637; x_wconf 88' lang='lat' dir='ltr'>debent</span> <span class='ocrx_word' id='word_1_235' title='bbox 317 3587 447 3655; x_wconf 87' lang='lat' dir='ltr'>regere,</span> <span class='ocrx_word' id='word_1_236' title='bbox 469 3588 506 3637; x_wconf 90' lang='lat' dir='ltr'>se</span> <span class='ocrx_word' id='word_1_237' title='bbox 529 3589 595 3637; x_wconf 93' lang='lat' dir='ltr'>non</span> <span class='ocrx_word' id='word_1_238' title='bbox 621 3570 856 3654; x_wconf 87' lang='lat' dir='ltr'>intromittere,</span> <span class='ocrx_word' id='word_1_239' title='bbox 886 3570 934 3635; x_wconf 87' lang='lat' dir='ltr'>Et</span> <span class='ocrx_word' id='word_1_240' title='bbox 964 3571 1190 3636; x_wconf 90' lang='lat' dir='ltr'>concludendo</span> <span class='ocrx_word' id='word_1_241' title='bbox 1222 3570 1367 3652; x_wconf 83' lang='lat' dir='ltr'>singula·</span> 
     </span>
     <span class='ocr_line' id='line_1_31' title="bbox 165 3674 1369 3758; baseline -0.002 -18"><span class='ocrx_word' id='word_1_242' title='bbox 165 3676 255 3750; x_wconf 86' lang='lat' dir='ltr'>riter</span> <span class='ocrx_word' id='word_1_243' title='bbox 289 3674 448 3741; x_wconf 88' lang='lat' dir='ltr'>universa</span> <span class='ocrx_word' id='word_1_244' title='bbox 479 3681 512 3740; x_wconf 91' lang='lat' dir='ltr'>et</span> <span class='ocrx_word' id='word_1_245' title='bbox 542 3674 780 3741; x_wconf 88' lang='lat' dir='ltr'>universaliter</span> <span class='ocrx_word' id='word_1_246' title='bbox 809 3675 951 3758; x_wconf 85' lang='lat' dir='ltr'>singula,</span> <span class='ocrx_word' id='word_1_247' title='bbox 976 3675 1081 3758; x_wconf 83' lang='lat' dir='ltr'>judex</span> <span class='ocrx_word' id='word_1_248' title='bbox 1113 3676 1214 3740; x_wconf 91' lang='lat' dir='ltr'>debet</span> <span class='ocrx_word' id='word_1_249' title='bbox 1237 3692 1369 3754; x_wconf 90' lang='lat' dir='ltr'>semper</span> 
     </span>
     <span class='ocr_line' id='line_1_32' title="bbox 156 3777 1369 3864; baseline 0 -20"><span class='ocrx_word' id='word_1_250' title='bbox 156 3781 300 3864; x_wconf 84' lang='lat' dir='ltr'>juratos</span> <span class='ocrx_word' id='word_1_251' title='bbox 323 3779 440 3844; x_wconf 90' lang='lat' dir='ltr'>audire</span> <span class='ocrx_word' id='word_1_252' title='bbox 464 3785 498 3844; x_wconf 94' lang='lat' dir='ltr'>et</span> <span class='ocrx_word' id='word_1_253' title='bbox 522 3778 570 3843; x_wconf 89' lang='lat' dir='ltr'>eis</span> <span class='ocrx_word' id='word_1_254' title='bbox 594 3779 763 3861; x_wconf 89' lang='lat' dir='ltr'>obaudire,</span> <span class='ocrx_word' id='word_1_255' title='bbox 786 3780 829 3843; x_wconf 87' lang='lat' dir='ltr'>ad</span> <span class='ocrx_word' id='word_1_256' title='bbox 844 3779 1055 3860; x_wconf 85' lang='lat' dir='ltr'>ipsorumque</span> <span class='ocrx_word' id='word_1_257' title='bbox 1073 3778 1243 3844; x_wconf 89' lang='lat' dir='ltr'>consilium</span> <span class='ocrx_word' id='word_1_258' title='bbox 1260 3777 1369 3844; x_wconf 89' lang='lat' dir='ltr'>omnia</span> 
     </span>
     <span class='ocr_line' id='line_1_33' title="bbox 165 3881 699 3966; baseline -0.002 -17"><span class='ocrx_word' id='word_1_259' title='bbox 165 3883 307 3966; x_wconf 85' lang='lat' dir='ltr'>negotia</span> <span class='ocrx_word' id='word_1_260' title='bbox 330 3882 383 3948; x_wconf 89' lang='lat' dir='ltr'>sui</span> <span class='ocrx_word' id='word_1_261' title='bbox 406 3881 506 3949; x_wconf 86' lang='lat' dir='ltr'>officii</span> <span class='ocrx_word' id='word_1_262' title='bbox 533 3883 699 3964; x_wconf 86' lang='lat' dir='ltr'>expedire.</span> 
     </span>
    </p>
   </div>
   <div class='ocr_carea' id='block_1_6' title="bbox 161 4021 1370 4417">
    <p class='ocr_par' dir='ltr' id='par_1_6' title="bbox 161 4021 1370 4417">
     <span class='ocr_line' id='line_1_34' title="bbox 274 4021 1370 4108; baseline 0.002 -24"><span class='ocrx_word' id='word_1_263' title='bbox 274 4024 349 4089; x_wconf 83' lang='grc'><strong><em>406.</em></strong></span> <span class='ocrx_word' id='word_1_264' title='bbox 372 4023 422 4086; x_wconf 87' lang='lat' dir='ltr'>De</span> <span class='ocrx_word' id='word_1_265' title='bbox 445 4021 554 4105; x_wconf 77' lang='lat' dir='ltr'>officio</span> <span class='ocrx_word' id='word_1_266' title='bbox 569 4022 697 4106; x_wconf 82' lang='lat' dir='ltr'>judicis</span> <span class='ocrx_word' id='word_1_267' title='bbox 720 4033 875 4104; x_wconf 76' lang='lat' dir='ltr'>qrcootum</span> <span class='ocrx_word' id='word_1_268' title='bbox 892 4023 1137 4088; x_wconf 71' lang='lat' dir='ltr'>adsentantium</span> <span class='ocrx_word' id='word_1_269' title='bbox 1161 4023 1253 4099; x_wconf 84' lang='lat' dir='ltr'>Item,</span> <span class='ocrx_word' id='word_1_270' title='bbox 1267 4023 1370 4108; x_wconf 81' lang='lat' dir='ltr'>judex</span> 
     </span>
     <span class='ocr_line' id='line_1_35' title="bbox 168 4126 1368 4211; baseline -0.003 -18"><span class='ocrx_word' id='word_1_271' title='bbox 168 4127 288 4209; x_wconf 90' lang='lat' dir='ltr'>Deum,</span> <span class='ocrx_word' id='word_1_272' title='bbox 311 4127 368 4207; x_wconf 90' lang='lat' dir='ltr'>qui</span> <span class='ocrx_word' id='word_1_273' title='bbox 391 4145 552 4208; x_wconf 87' lang='lat' dir='ltr'>praeseus</span> <span class='ocrx_word' id='word_1_274' title='bbox 576 4126 685 4193; x_wconf 88' lang='lat' dir='ltr'>estin</span> <span class='ocrx_word' id='word_1_275' title='bbox 709 4127 795 4192; x_wconf 92' lang='lat' dir='ltr'>omni</span> <span class='ocrx_word' id='word_1_276' title='bbox 819 4126 954 4211; x_wconf 87' lang='lat' dir='ltr'>judicio,</span> <span class='ocrx_word' id='word_1_277' title='bbox 982 4145 1064 4208; x_wconf 90' lang='lat' dir='ltr'>prae</span> <span class='ocrx_word' id='word_1_278' title='bbox 1096 4127 1201 4191; x_wconf 89' lang='lat' dir='ltr'>oculis</span> <span class='ocrx_word' id='word_1_279' title='bbox 1231 4128 1368 4207; x_wconf 88' lang='lat' dir='ltr'>habens,</span> 
     </span>
     <span class='ocr_line' id='line_1_36' title="bbox 163 4229 1366 4313; baseline -0.002 -17"><span class='ocrx_word' id='word_1_280' title='bbox 163 4233 303 4311; x_wconf 86' lang='lat' dir='ltr'>quando</span> <span class='ocrx_word' id='word_1_281' title='bbox 315 4230 477 4297; x_wconf 90' lang='lat' dir='ltr'>tribunali</span> <span class='ocrx_word' id='word_1_282' title='bbox 489 4231 668 4312; x_wconf 87' lang='lat' dir='ltr'>praesidet,</span> <span class='ocrx_word' id='word_1_283' title='bbox 677 4232 778 4297; x_wconf 90' lang='lat' dir='ltr'>debet</span> <span class='ocrx_word' id='word_1_284' title='bbox 790 4249 953 4310; x_wconf 88' lang='lat' dir='ltr'>quaerere</span> <span class='ocrx_word' id='word_1_285' title='bbox 963 4247 983 4294; x_wconf 89' lang='lat' dir='ltr'>a</span> <span class='ocrx_word' id='word_1_286' title='bbox 989 4230 1114 4313; x_wconf 84' lang='lat' dir='ltr'>juratis</span> <span class='ocrx_word' id='word_1_287' title='bbox 1125 4233 1166 4296; x_wconf 88' lang='lat' dir='ltr'>de</span> <span class='ocrx_word' id='word_1_288' title='bbox 1175 4229 1366 4307; x_wconf 86' lang='lat' dir='ltr'>sententiis,</span> 
     </span>
     <span class='ocr_line' id='line_1_37' title="bbox 161 4334 1362 4417; baseline -0.002 -17"><span class='ocrx_word' id='word_1_289' title='bbox 161 4335 260 4401; x_wconf 85' lang='lat' dir='ltr'>sicut</span> <span class='ocrx_word' id='word_1_290' title='bbox 282 4336 401 4401; x_wconf 88' lang='lat' dir='ltr'>sedent</span> <span class='ocrx_word' id='word_1_291' title='bbox 431 4335 465 4401; x_wconf 93' lang='lat' dir='ltr'>in</span> <span class='ocrx_word' id='word_1_292' title='bbox 489 4335 613 4417; x_wconf 90' lang='lat' dir='ltr'>baucis,</span> <span class='ocrx_word' id='word_1_293' title='bbox 643 4334 732 4399; x_wconf 92' lang='lat' dir='ltr'>nullo</span> <span class='ocrx_word' id='word_1_294' title='bbox 764 4353 844 4415; x_wconf 88' lang='lat' dir='ltr'>prae</span> <span class='ocrx_word' id='word_1_295' title='bbox 875 4339 1020 4417; x_wconf 88' lang='lat' dir='ltr'>postero,</span> <span class='ocrx_word' id='word_1_296' title='bbox 1043 4334 1159 4401; x_wconf 92' lang='lat' dir='ltr'>ordine</span> <span class='ocrx_word' id='word_1_297' title='bbox 1182 4337 1362 4401; x_wconf 82' lang='lat' dir='ltr'>observato</span> 
     </span>
    </p>
   </div>
   <div class='ocr_carea' id='block_1_7' title="bbox 0 0 1643 5009">
    <p class='ocr_par' dir='ltr' id='par_1_7' title="bbox 0 0 1643 5009">
     <span class='ocr_line' id='line_1_38' title="bbox 0 0 1643 5009; baseline 0 0"><span class='ocrx_word' id='word_1_298' title='bbox 0 0 1643 5009; x_wconf 95' lang='lat' dir='ltr'> </span> 
     </span>
    </p>
   </div>
  </div>
 </body>
</html>
