3275 5009
287 354 339 406 250
804 348 968 403 Sententiae

288 577 377 641 snas,
400 577 483 638 (luas
505 556 656 638 possidet
678 557 861 622 immobiles
884 561 920 622 et
936 575 1018 636 quas
1037 558 1141 622 habet
1157 556 1306 640 mobiles,
1321 557 1485 641 ordinare,

287 663 473 745 disponere,
496 662 612 745 legare
635 661 750 728 amicis
778 662 833 728 vel
865 660 1036 728 extraneis
1069 661 1204 744 poterit,
1235 667 1336 741 prout
1364 661 1487 744 placet.

288 767 348 851 (Et
370 765 530 833 fundatur
553 767 637 831 haee
660 764 831 832 sententia
854 783 956 846 super
978 765 1069 847 illud,
1092 767 1178 844 quod
1202 764 1362 831 scribitur
1388 784 1482 847 supe·
1586 790 1588 847 5

285 873 356 937 rius
379 871 413 936 in
436 871 459 936 J
462 870 576 937 nribus
599 868 827 954 Originalibus
850 869 949 936 titulo
979 870 1050 952 „De
1073 873 1278 937 testamento
1294 869 1481 951 1111111111ιι

287 978 348 1041 sub
372 975 425 1041 his
448 975 577 1041 verbis:
605 975 765 1057 „Aduena
788 975 910 1056 hospes
933 973 967 1039 in
991 973 1132 1040 civitate
1155 975 1301 1040 moriens
1325 975 1483 1040 derebus

287 1079 365 1162 suis,
377 1078 533 1158 quicquid
546 1077 762 1161 ordinaverit,
779 1083 889 1143 ratum
907 1082 941 1143 et
953 1078 1079 1144 firmum
1092 1078 1244 1144 volumus
1257 1078 1485 1160 permanere“,
1586 1068 1587 1113 ³

289 1187 376 1264 quod
399 1184 500 1249 liceat
524 1187 558 1249 et
582 1181 672 1266 civi.)

392 1341 463 1402 6:39.
495 1338 540 1400 De
564 1339 762 1400 testamentis
786 1339 855 1399 sine
879 1337 995 1418 verbis,
1014 1359 1079 1420 per
1101 1338 1195 1421 sipon
1221 1346 1345 1400 tontum
1362 1336 1480 1420 factis.

290 1446 542 1512 Testamentum
565 1443 636 1509 sola
651 1446 756 1507 morte
773 1443 997 1524 confirmatur,
1013 1459 1075 1506 nec
1091 1440 1213 1520 aliquis
1229 1440 1264 1506 in
1281 1444 1483 1507 testamento

288 1553 401 1630 potest
417 1541 592 1628 quitquam
608 1547 756 1630 legitime
772 1546 961 1628 disponere,
984 1563 1005 1610 a
1028 1564 1091 1625 quo
1115 1547 1277 1611 recedere
1294 1562 1360 1610 non
1374 1545 1487 1625 liceat,

287 1671 360 1719 oum
383 1670 489 1732 usque
512 1653 554 1717 ad
578 1651 702 1716 exitum
726 1650 817 1715 vitae
841 1649 981 1716 hominis
1004 1649 1227 1716 ambulatoria
1250 1648 1294 1715 sit
1319 1651 1482 1717 voluntas

288 1757 358 1823 Nec
393 1760 506 1837 potest
535 1755 657 1836 uliquis
687 1756 851 1820 decedere
883 1755 1011 1821 duobus
1041 1753 1255 1819 testamentis
1286 1753 1424 1836 relictis,
1446 1757 1483 1816 nt

287 1863 403 1928 teneat
425 1865 611 1940 utrumque,
641 1857 721 1924 licet
745 1857 828 1924 dieti
851 1862 958 1924 testes
981 1856 1162 1924 factionem
1185 1857 1384 1924 testamenti
1409 1857 1481 1922 sim·

289 1965 421 2047 pliciter
455 1965 636 2045 deponant,
673 1967 785 2028 tamen
819 1964 907 2042 quod
945 1963 1146 2027 decumbens
1184 1980 1281 2028 usum
1318 1961 1484 2042 loquendi,

288 2087 351 2149 quo
391 2067 542 2147 privatus
581 2063 701 2147 fuerat,
739 2065 861 2131 iterum
895 2065 1125 2146 reassumpsit,
1158 2065 1220 2130 hoc
1253 2071 1348 2131 tacta
1385 2083 1484 2131 cruce

289 2174 540 2239 confirmabunt.

392 2331 463 2394 660,
487 2329 535 2390 De
561 2331 748 2388 testamento
772 2336 926 2408 quantum
949 2327 992 2387 ad
1014 2327 1215 2407 postbrrmos.
1244 2326 1405 2410 Quamvis
1430 2327 1485 2409 jus

289 2434 388 2500 civile
410 2433 521 2514 habet,
545 2432 632 2513 quod
656 2435 755 2511 peter
778 2432 818 2496 de
849 2429 944 2496 bonis
978 2430 1046 2496 suis
1077 2431 1202 2514 legare,
1237 2430 1395 2496 ordinare
1426 2447 1482 2495 seu

289 2539 466 2620 disponere
491 2541 612 2619 potest,
637 2535 724 2601 siout
747 2535 859 2616 placet
883 2540 918 2600 et
951 2535 1016 2601 sibi
1044 2534 1153 2602 visum
1183 2533 1287 2601 fuerit
1310 2535 1486 2618 expedire:

289 2648 402 2708 tamen
425 2645 565 2724 propter
588 2641 649 2707 hoc
672 2640 814 2706 heredes
838 2642 981 2706 nondum
1005 2640 1085 2721 nati,
1114 2642 1173 2705 sed
1196 2642 1307 2717 adhuc
1330 2641 1366 2706 in
1389 2646 1483 2705 utero

290 2747 406 2828 clausi,
441 2750 476 2810 et
511 2743 689 2826 praecipue
727 2744 904 2825 ignorante
937 2748 1036 2824 patre
1070 2745 1232 2827 concepti,
1266 2745 1296 2808 si
1332 2745 1483 2812 viventes

289 2857 422 2917 uterum
445 2852 631 2914 maternum
655 2847 782 2929 egressi
810 2846 945 2930 tuerint,
975 2865 1041 2914 non
1072 2848 1366 2931 exhereditantur;
1399 2849 1485 2914 unde

288 2954 457 3037 posthumi
486 2954 521 3022 in
550 2952 646 3019 bonis
679 2951 786 3033 patris
817 2952 1003 3034 portionem
1038 2954 1184 3019 debitam
1215 2953 1334 3019 merito
1371 2969 1482 3019 conse·
1589 2946 1590 2997 ἶ

290 3065 444 3140 quentur.

396 3197 468 3260 661.
506 3194 620 3257 Utrum
643 3197 793 3258 sacerdos
828 3197 934 3277 possit
969 3197 1085 3257 testari
1118 3195 1155 3259 de
1191 3199 1390 3260 testamentis
1423 3193 1485 3258 sibi

284 3303 401 3384 jectis.
426 3299 460 3366 si
485 3300 647 3381 plebanus
671 3299 743 3383 agit
766 3299 800 3364 in
824 3300 1063 3381 parochianum
1085 3300 1207 3368 laicum
1230 3319 1341 3366 eoram
1362 3299 1483 3385 Judioio

291 3403 457 3472 saeculari
490 3405 531 3470 de
565 3408 769 3470 testamento
804 3405 868 3472 sibi
901 3410 937 3471 et
971 3423 1051 3471 suae
1089 3405 1254 3472 ecclesiae
1287 3405 1322 3470 in
1356 3405 1482 3472 animae

291 3510 431 3593 alicujus
449 3507 606 3590 ¹defuncti
636 3508 817 3575 remedium
849 3511 1020 3592 deputato,
1050 3510 1217 3577 intentum
1247 3529 1341 3577 sunm
1375 3512 1483 3592 potest

291 3614 482 3681 testimonio
507 3614 726 3695 sacerdotum,
748 3613 858 3695 posito
876 3614 978 3680 etiam
994 3616 1081 3696 quod
1098 3615 1167 3680 sint
1183 3615 1235 3680 sui
1251 3613 1483 3681 commensales

292 3723 326 3784 et
349 3717 477 3798 vicarii,
500 3718 672 3782 dummodo
697 3735 762 3783 non
785 3716 854 3796 sint
875 3718 1026 3801 infames
1050 3717 1297 3784 rationabiliter
1317 3718 1481 3796 obtinere;

292 3821 379 3889 sieut
409 3821 496 3886 enim
528 3821 564 3886 in
593 3822 676 3888 Jure
708 3823 867 3888 canonico
897 3822 975 3888 laici
1005 3823 1112 3887 bonae
1141 3822 1249 3888 famae
1279 3823 1482 3904 recipiuntur

291 3925 326 3990 in
338 3923 573 4008 testimoninm,
586 3925 634 3991 sic
646 3925 681 3992 in
693 3926 716 3992 J
717 3943 778 3990 ure
791 3925 936 3992 seculari
947 3925 1065 3991 merito
1079 3926 1274 3993 conceditur
1286 3945 1305 3992 e
1315 3941 1481 3994 converso.

396 4098 470 4164 662.
493 4097 544 4159 De
567 4099 766 4160 testamentis
790 4100 1031 4162 conditc'onotr's.
1058 4100 1099 4164 In
1121 4099 1334 4166 testamentis
1357 4100 1484 4182 plenius

292 4201 487 4268 voluntates
504 4201 701 4267 testantium
717 4200 987 4283 interpretamur,
1004 4221 1101 4282 quam
1116 4203 1151 4269 in
1163 4204 1238 4271 aliis
1251 4206 1481 4270 contractibus.

292 4305 390 4372 Unde
413 4306 442 4370 si
465 4304 540 4388 lego
565 4305 653 4388 vina,
677 4311 711 4370 et
735 4323 816 4372 vasa
848 4306 965 4374 videor
994 4306 1117 4391 legare,
1152 4307 1224 4374 sine
1257 4307 1377 4388 quibus
1409 4307 1480 4376 vinu
