3275 5009
718 338 886 391 Brnnenses.
1367 346 1400 397 37

304 540 492 607 Notandum
516 548 713 627 esttamen,
737 548 766 611 si
788 564 868 612 reus
892 547 998 629 prima
1030 548 1103 615 vice
1136 567 1194 630 pro
1225 551 1397 619 maleficiis

193 648 233 713 in
257 666 390 713 cansam
414 652 554 731 tractus,
576 651 632 715 rel
655 654 769 717 actore
793 670 858 717 non
881 655 1055 733 probante,
1078 654 1132 719 vel
1149 653 1396 736 inprobatione

195 754 437 820 succumbente
459 770 520 818 seu
543 752 731 835 deficiente,
756 754 809 821 vel
832 772 868 819 se
892 760 1067 840 purgante,
1086 758 1260 825 absolutus
1276 761 1398 826 inerit:

195 855 396 937 quicumque
409 873 451 922 ex
463 856 570 937 prima
582 856 782 941 suspicione,
791 861 857 938 qua
865 858 1074 926 contraxerit
1083 863 1396 947 eum,accnsaverit,

192 964 315 1041 postea
337 959 390 1026 vel
412 959 621 1041 judicialiter
643 962 849 1045 convenerit,
875 980 1072 1043 quocunque
1103 966 1196 1030 modo
1226 984 1281 1033 res
1309 968 1394 1051 judi·

193 1068 275 1129 cata
296 1061 408 1145 fuerit,
432 1063 521 1129 nullo
545 1066 640 1131 modo
663 1064 874 1149 obligabitur.
892 1068 936 1131 ad
959 1069 1138 1133 emendam.
1188 1065 1192 1071 '

300 1166 583 1234 Considerandum
609 1171 719 1252 etiam,
744 1172 831 1250 quod
854 1174 950 1236 actor
973 1170 1125 1256 obligans
1147 1189 1183 1239 se
1200 1176 1244 1239 ad
1259 1176 1393 1242 convin-

193 1272 336 1337 cendum
359 1290 453 1337 reum
480 1275 522 1344 de
545 1272 707 1341 maleficio
738 1292 798 1355 per
827 1279 944 1351 testea,
976 1276 1104 1343 duobus
1132 1277 1235 1343 modis
1260 1280 1351 1345 cadit
1374 1300 1395 1347 a

191 1375 382 1457 proposito:
406 1376 527 1459 Primo,
551 1377 628 1457 quia
650 1377 806 1443 fortassis
830 1382 937 1445 testes
961 1381 1158 1465 nechabet,
1181 1382 1393 1467 necstatuit,

190 1493 257 1545 noc
279 1484 432 1549 statuere
455 1487 586 1563 potest,
617 1487 652 1548 et
679 1483 713 1547 in
744 1482 805 1548 hoc
834 1500 914 1549 casn
949 1483 1109 1552 obnoxius
1144 1490 1197 1551 est
1233 1488 1392 1555 emendae

190 1585 376 1650 secundum
392 1584 569 1651 arbitrium
579 1584 767 1666 juratorum
783 1588 961 1669 taxandae,
977 1588 1187 1669 praehabitis
1203 1588 1390 1657 distinctio·

189 1687 291 1752 nibus
314 1689 518 1770 ponderatis.
541 1689 694 1755 Secundo
717 1708 797 1757 vero
822 1692 926 1773 modo,
958 1692 1035 1771 qnia
1062 1697 1170 1759 testes
1203 1693 1324 1758 statuit
1355 1700 1391 1761 et

190 1809 266 1856 cnm
277 1791 393 1873 jnrare
409 1796 606 1876 debuerunt,
621 1794 760 1862 formam
776 1794 909 1859 iurandi
926 1798 1164 1877 corrumpendo
1180 1796 1391 1867 ceciderunt3

190 1898 227 1959 et
249 1894 299 1962 sic
323 1894 456 1975 sufficit,
478 1899 566 1978 quod
589 1899 693 1965 solnm
718 1900 761 1963 ad
784 1900 942 1964 emendas
961 1900 1233 1983 juramentorum,
1262 1906 1297 1966 et
1324 1918 1391 1966 non

190 2000 235 2065 ad
258 1998 353 2081 alias,
376 2000 553 2084 obligetur.

294 2101 459 2189 (Require
474 2103 575 2170 etiam
592 2105 633 2170 de
646 2105 709 2171 hoc
721 2104 808 2171 infra
820 2108 883 2171 snb
896 2106 1029 2173 rubrica
1044 2108 1104 2187 „de
1118 2104 1388 2173 accusationibus

185 2206 370 2290 criminum,
392 2214 502 2273 utrum
527 2209 567 2273 de
590 2207 689 2274 furtis
714 2214 749 2274 et
771 2210 966 2276 criminibus
982 2210 1155 2276 incusatus
1172 2218 1293 2291 quarta
1309 2209 1382 2278 vica

185 2310 295 2392 possit
317 2329 356 2377 se
379 2314 584 2396 expurgare“
604 2312 683 2397 (57).
706 2313 854 2393 Require
879 2314 980 2380 etiam
995 2315 1029 2381 in
1047 2314 1188 2381 diversis
1204 2316 1383 2381 sententiis

190 2417 252 2497 „de
277 2415 434 2499 emendis
456 2415 556 2486 furtis
580 2426 615 2483 et
637 2418 785 2502 poenis“,

291 2555 344 2620 35.
358 2554 407 2617 Dc
420 2554 603 2617 accionibus
615 2557 787 2619 criminum
799 2567 830 2619 ct
842 2556 1080 2640 maleficiorum,
1095 2567 1204 2619 utrum
1218 2566 1385 2619 tranaverit

186 2662 231 2723 aul
253 2659 394 2723 heredes.
421 2659 520 2726 Licet
539 2659 626 2726 filius
642 2679 708 2726 non
724 2666 838 2742 portet
853 2662 1063 2742 iniquitatem
1081 2662 1197 2744 patris,
1212 2678 1273 2727 nec
1290 2666 1383 2742 puni·

187 2766 294 2832 endus
325 2769 378 2829 est
410 2782 468 2845 pro
500 2764 574 2846 ejus
605 2782 753 2849 excessu,
786 2771 899 2831 tamen
931 2766 961 2831 si
993 2784 1033 2831 ex
1065 2764 1236 2831 maleficiis
1268 2765 1384 2846 patris,

186 2868 294 2935 veluti
317 2888 359 2933 ex
380 2867 488 2949 furtis,
512 2868 639 2950 rapinis
664 2875 698 2934 et
721 2870 956 2947 consimilibus,
979 2870 1090 2949 aliqua
1113 2870 1155 2934 ad
1170 2869 1312 2934 heredes
1329 2868 1383 2935 vel

185 2990 398 3039 successores
436 2974 489 3038 rel
528 2973 612 3039 alios
651 2991 873 3055 quoscumque
911 2974 994 3041 talia
1023 2973 1147 3055 inJ‘uste
1178 2978 1381 3055 occupantes

185 3082 432 3159 pervenerunt:
451 3095 512 3157 pro
534 3076 601 3142 illis
625 3084 661 3142 et
683 3080 756 3144 reri
778 3096 1000 3160 possessores,
1024 3078 1140 3157 quibus
1157 3077 1271 3143 ablata
1291 3083 1381 3160 sunt,

184 3190 220 3247 et
235 3182 424 3247 eorumdem
443 3180 594 3263 heredes,
611 3183 780 3261 ceterique
798 3182 924 3263 posteri
940 3200 1062 3265 omnes,
1079 3199 1216 3261 qnorum
1227 3180 1379 3262 interest,

182 3303 286 3369 agere
314 3289 456 3366 possunt
476 3285 550 3366 ipso
570 3285 654 3368 jure.
678 3285 743 3352 Est
766 3293 880 3353 tamen
902 3285 1136 3366 necessarium,
1159 3284 1193 3351 in
1208 3284 1380 3352 maleficiis

183 3387 371 3455 manifestis
396 3405 455 3469 per
478 3387 678 3471 principales
702 3408 873 3473 personas
903 3407 988 3470 quae
1011 3389 1267 3470 dampnificatae
1291 3392 1379 3471 sunt,

183 3492 373 3559 dotalibus
396 3490 583 3557 actionibus
608 3512 650 3557 ex
673 3512 775 3561 causa
796 3495 949 3577 legitima
971 3494 1006 3561 in
1028 3491 1176 3558 futurum
1206 3492 1378 3573 suspensis

182 3596 460 3680 protestationem
497 3595 663 3677 publicam
700 3598 887 3681 interponi;
925 3598 974 3664 sic
1009 3597 1095 3663 enim
1130 3603 1165 3662 et
1198 3596 1377 3663 heredibus

183 3703 307 3767 dantur
330 3708 365 3765 et
390 3705 508 3765 contra
530 3702 573 3766 ad
596 3701 738 3767 heredes
762 3708 951 3769 transeunt.

287 3803 373 3869 Item
396 3803 426 3868 si
449 3810 546 3887 pater
568 3806 750 3888 pecuniam,
781 3808 836 3876 vel
858 3826 929 3874 rem
952 3806 1127 3889 publicam,
1159 3804 1213 3870 vel
1244 3806 1376 3884 quando

179 3910 306 3990 aliquid
330 3907 535 3989 superfuerit
559 3912 599 3976 de
622 3911 735 3992 aliqua
758 3912 1048 3979 administratione
1073 3907 1214 3991 publica,
1244 3908 1374 3990 etipse

179 4014 319 4079 inuans
343 4029 420 4079 suos
445 4015 621 4097 convertit,
645 4015 698 4080 cui
726 4021 800 4081 erat
830 4017 888 4081 illa
916 4012 1162 4081 administratio
1187 4012 1376 4077 commissa:

178 4124 261 4185 tunc
285 4118 404 4184 iterum
428 4118 579 4199 conpetit
601 4120 691 4185 actio
715 4120 748 4184 in
773 4122 937 4187 heredem.

281 4220 444 4306 (Require
489 4220 577 4288 infra
616 4224 687 4305 „De
724 4222 1044 4304 mortificationibnS,
1081 4218 1300 4287 traditoribus
1338 4224 1373 4283 et

179 4344 291 4393 eorum
314 4325 440 4392 bonis“.
463 4325 550 4410 525.)
