3275 5009
694 364 861 420 Bruuenses.
1323 367 1377 419 199

162 574 274 641 minis
313 572 506 655 perterrita,
543 590 605 639 nec
643 571 815 656 promissis
850 571 1015 654 demobta,
1048 571 1082 636 in
1118 571 1224 639 medio
1258 573 1375 641 circuli

163 683 328 760 ponetur,
362 680 398 744 et
420 676 448 742 si
471 678 515 742 ad
537 677 729 746 eductorem
759 674 872 755 iverit,
900 674 1007 758 ipsam
1037 676 1137 741 ducet
1167 674 1201 742 in
1228 694 1376 761 uxorem,

165 783 237 848 sed
261 781 291 846 si
315 784 473 862 parentes
497 781 690 863 accesserit,
713 779 942 848 decollabitur.

281 884 329 950 Et
350 886 393 951 ad
417 884 503 952 idem
535 902 658 965 quaere
688 883 723 950 iu
752 883 863 951 titulis
888 881 1109 967 praescriptis
1142 883 1220 967 ,De
1244 884 1374 970 virgi·

166 989 305 1056 nibus
329 993 369 1056 et
392 989 646 1057 mulieribus
670 989 904 1055 deductis“.

282 1092 318 1159 si
344 1092 463 1160 mulier
496 1093 649 1160 confessa
682 1093 794 1171 fuerit,
832 1093 920 1172 quod
953 1097 1033 1158 ante
1067 1091 1305 1172 querimoniam
1336 1093 1373 1160 iu

164 1197 280 1266 tertia
292 1198 480 1280 septimana
491 1197 655 1264 deflorata
667 1199 722 1264 vel
737 1215 898 1280 oppressa
914 1196 968 1280 sit,
984 1198 1028 1262 ad
1043 1197 1117 1280 eJus
1133 1196 1372 1277 querimoniam

165 1319 254 1369 reus
278 1321 344 1369 non
366 1301 601 1383 respondebit3
623 1301 652 1367 si
675 1307 787 1369 tumen
810 1302 885 1384 ipsa
900 1300 1019 1369 mulier
1033 1307 1184 1381 tempore
1199 1299 1373 1382 praedicto

168 1409 281 1471 causa
302 1405 454 1490 legitime
475 1424 540 1472 nou
572 1404 637 1470 fuit
665 1405 826 1488 impedita
856 1409 892 1472 et
915 1411 1052 1488 propter
1075 1422 1173 1486 quam
1195 1402 1284 1471 forte
1305 1423 1372 1471 uon

169 1509 289 1592 potuit
312 1509 492 1589 querulari.

283 1629 318 1696 Si
340 1648 419 1696 reus
441 1632 484 1697 ad
508 1630 746 1710 querimoniam
776 1650 878 1713 super
900 1631 1118 1699 defloratione
1149 1631 1203 1697 vel
1232 1647 1374 1698 excessu

170 1732 342 1800 consimili
363 1733 489 1802 luctam
511 1739 722 1820 respondeat,
750 1737 828 1816 quia
852 1737 1061 1816 confiteatur,
1089 1737 1178 1816 quod
1209 1734 1372 1818 virginem

171 1839 354 1920 defloravit
369 1839 424 1906 vel
441 1840 612 1906 mulierem
628 1843 806 1924 oppressit,
823 1846 858 1907 et
873 1841 935 1906 boc
952 1842 993 1905 de
1009 1843 1097 1906 bona
1113 1857 1173 1905 sua
1189 1839 1374 1920 voluntate,

170 1961 250 2010 cum
273 1948 352 2008 ante
376 1961 469 2010 suam
492 1943 745 2011 deflorationem
768 1943 824 2009 vel
846 1943 1095 2026 oppressionem
1117 1944 1293 2024 pecuniam
1309 1943 1374 2010 sibi

171 2065 237 2128 pro
261 2063 299 2111 eo
323 2045 425 2128 dedit,
449 2048 535 2126 quod
557 2047 662 2116 vellet
686 2065 746 2129 per
768 2051 876 2114 testes
899 2047 1036 2113 idoneos
1059 2049 1306 2116 demonstrare:
1329 2065 1373 2114 ex

171 2150 239 2216 tali
260 2151 478 2231 responsione
500 2170 566 2218 non
590 2151 786 2233 absolvitur,
808 2169 870 2217 nec
886 2152 929 2216 ad
945 2150 1132 2234 hujusmodi
1146 2152 1372 2218 testimonium

170 2253 369 2332 aliqualiter
398 2261 452 2320 est
482 2255 719 2323 admittendus.
750 2255 872 2321 Merito
904 2254 991 2321 enim
1021 2255 1256 2338 praesumitur,
1283 2257 1372 2337 quod

170 2360 263 2426 tales
286 2363 393 2424 testes
417 2376 479 2425 nec
501 2359 614 2426 idonei
637 2360 706 2426 sint
728 2377 790 2426 nec
809 2359 910 2444 justi3
933 2378 1009 2425 nam
1031 2364 1108 2441 post
1130 2359 1254 2427 factum
1275 2378 1371 2443 prac-

169 2463 287 2530 dictus
310 2478 469 2529 excessus
491 2462 645 2530 fortassis
677 2482 738 2546 per
760 2466 864 2531 bonos
896 2464 1045 2530 bomines
1068 2465 1224 2545 placituri
1254 2464 1373 2548 possit,

170 2567 219 2634 ad
243 2569 444 2647 pectendum
467 2574 578 2633 autem
603 2569 643 2633 de
667 2567 749 2650 ipso,
776 2570 864 2648 quod
894 2568 954 2634 fiat
984 2569 1018 2634 in
1048 2567 1171 2652 futuro,
1201 2587 1266 2635 non
1296 2586 1372 2635 con·

169 2675 358 2738 sueverunt
380 2690 427 2753 se,
451 2672 516 2738 nisi
539 2672 616 2738 mali
639 2675 674 2738 et
696 2691 839 2754 nequam
861 2673 1012 2739 homines
1034 2673 1229 2739 immiscere.

283 2791 476 2877 (Residuum
517 2811 640 2874 quaere
678 2792 818 2861 inferius
865 2797 933 2878 „de
975 2800 1127 2876 stupro
1165 2801 1208 2860 et
1244 2798 1374 2876 raptu

171 2896 441 2981 virginum“.)

282 3015 347 3101 Qui
369 3019 524 3086 clericum
547 3019 601 3086 vel
623 3019 745 3087 laicum
768 3023 809 3088 ob
834 3022 905 3105 boc,
937 3022 1023 3101 quod
1050 3020 1221 3087 mulierem
1252 3037 1375 3105 vagum

174 3121 244 3188 diei
267 3121 321 3187 vel
337 3123 447 3188 noctis
465 3128 616 3206 tempore
630 3124 665 3191 in
682 3144 888 3206 quocumque
904 3127 975 3192 loco
993 3124 1166 3210 cognoscit
1182 3123 1375 3208 carnaliter,

173 3230 276 3293 rebus
300 3225 354 3292 vel
377 3226 531 3293 vestibus
555 3229 625 3294 suls
649 3230 763 3310 privat
786 3229 841 3296 vel
865 3231 1022 3311 denudat,
1045 3248 1183 3310 poenam
1208 3228 1290 3296 furti
1313 3247 1374 3295 scu

174 3329 275 3414 spolii
298 3330 489 3397 sustinebit.

280 3487 367 3566 496,
382 3487 457 3552 497.
474 3486 525 3548 De
539 3486 734 3550 mutieribus
748 3497 778 3550 et
794 3491 939 3574 ipsorum
950 3509 1127 3572 puerorum
1139 3488 1373 3572 interfectione.

176 3591 299 3656 Mulier
318 3589 347 3655 si
363 3592 405 3657 de
423 3589 657 3659 interfectione
675 3592 769 3674 pueri
785 3593 837 3658 sui
853 3595 994 3660 absente
1010 3593 1130 3658 marito
1146 3592 1376 3677 conqueritur,

174 3713 254 3761 reus
285 3697 384 3760 debet
415 3695 486 3780 ejus
517 3696 742 3779 querimoniis,
777 3715 850 3762 cum
888 3699 962 3778 ipsa
997 3697 1091 3779 prius
1127 3697 1282 3764 maritum
1313 3715 1375 3764 sex

173 3797 371 3881 septimanis
396 3799 552 3866 hincinde
574 3799 767 3883 quaesierit,
789 3820 853 3867 nec
875 3801 1005 3868 sciatur
1028 3801 1085 3868 ubi
1109 3803 1163 3884 sit,
1191 3803 1374 3868 secundum

167 3902 335 3986 justitiam
358 3906 571 3988 respondere,
594 3904 664 3972 dict
650 3910 772 3987 tueque
796 3905 926 3973 mulieri
950 3913 1004 3973 est
1029 3913 1098 3972 tam
1114 3906 1214 3990 plena
1226 3907 1374 3990 Justitia,

173 4007 263 4074 sicut
297 4007 416 4106 marito
446 4027 514 4088 suo,
549 4029 589 4077 ac
619 4011 648 4078 si
679 4011 916 4100 personaliter
938 4016 1156 4132 compareret,
1194 4012 1375 4078 secundum

167 4112 335 4192 puncta
321 4099 408 4195 puris
433 4113 567 4198 singula
593 4112 755 4181 facienda.

283 4232 442 4318 Quamvis
466 4234 617 4302 mulier
608 4252 642 4300 m
665 4237 820 4302 absentia
844 4236 918 4319 viri,
934 4238 990 4318 qul
1007 4255 1182 4320 personam
1198 4246 1234 4307 et
1249 4240 1375 4309 actoris

175 4341 211 4400 et
234 4337 284 4403 rei
307 4354 368 4417 pro
391 4337 464 4419 ipsu
489 4355 607 4422 gerere
630 4343 753 4421 potest,
776 4341 810 4405 iu
834 4359 970 4407 causam
993 4359 1035 4408 cx
1051 4345 1293 4414 consuetudine
1308 4365 1375 4414 non
