3275 5009
2568 0 3255 231 pwwss-“W

526 337 554 377 T
566 341 594 385 -l-
1554 332 1885 387 Sententiae

530 545 582 609 si
622 545 878 609 ratione
909 540 1444 609 conservationis
1475 542 1790 607 bonorum
1832 540 2084 624 hospiti
2130 539 2530 607 hereditatis
2580 539 2655 606 in
2697 539 2926 620 aliquo

530 649 929 729 obligantur,
976 645 1142 712 illud
1188 651 1416 728 potest
1460 645 1761 713 dominus
1810 663 2050 713 census
2097 647 2182 711 ab
2231 644 2330 711 eis
2361 644 2669 726 recipere
2702 649 2772 710 et
2801 662 2920 711 suo

530 751 822 817 censuali
867 749 1223 818 defalcare.
1272 751 1525 835 Pignus
1572 750 1776 818 etiam
1825 768 1943 833 pro
1980 767 2188 815 censu
2220 755 2583 830 receptum,
2616 749 2923 830 quamvis

526 857 614 921 sit
670 855 808 922 ueri
854 854 1206 937 censualis,
1250 860 1476 921 tamen
1523 856 1647 921 sub
1692 871 1900 920 usura
1947 851 2232 938 obligari
2293 869 2426 918 non
2483 854 2716 933 debet3
2778 869 2927 918 cum

526 965 702 1029 enim
747 977 1006 1042 census,
1052 960 1210 1039 quia
1254 959 1325 1024 in
1370 963 1555 1026 sorte
1603 976 1732 1024 non
1779 956 2174 1040 defalcatur,
2220 960 2573 1039 dampnum
2603 956 2925 1039 includat,

526 1064 1001 1133 inconveniens
1048 1068 1251 1147 esset,
1297 1063 1353 1129 si
1402 1065 1752 1144 dampnum
1803 1061 2099 1146 graviuS,
2148 1061 2322 1128 sicut
2365 1078 2654 1143 usuram,
2715 1080 2925 1144 super

526 1189 598 1233 se
650 1169 999 1251 reciperet,
1045 1168 1189 1251 ipso
1236 1168 1386 1250 iure

734 1290 825 1357 Et
892 1291 1121 1356 eodem
1190 1291 1384 1355 modo
1451 1287 1874 1372 intelligatur
1942 1289 2025 1353 de
2094 1286 2371 1370 pignore
2437 1305 2684 1354 census
2755 1286 2922 1353 dicti

530 1393 943 1477 hoffzins3
1014 1401 1240 1476 potest
1306 1398 1531 1460 tamen
1599 1392 1842 1474 pignus
1918 1408 2038 1472 pro
2116 1408 2321 1457 censu
2395 1398 2740 1474 receptum
2803 1409 2922 1473 pro

530 1521 730 1565 censu
773 1497 1079 1581 obligari,
1127 1498 1423 1577 quamvis
1473 1515 1603 1563 non
1650 1498 1772 1563 sub
1822 1513 2075 1562 usura.⁴

738 1619 828 1685 Et
870 1619 996 1685 hoc
1042 1625 1149 1684 est
1194 1618 1698 1703 intelligendum
1761 1621 1842 1684 de
1907 1634 2112 1683 censu
2174 1614 2550 1699 praecipue,
2613 1616 2728 1695 qui
2790 1635 2923 1705 non

530 1733 634 1789 est-
681 1729 1065 1805 perpetuus,
1110 1724 1229 1788 sed
1277 1722 1388 1802 qui
1436 1726 1664 1804 potest
1710 1722 1943 1789 redimi
1980 1721 2137 1804 ,iure
2176 1720 2498 1786 civitatis.

734 1889 880 1951 122.
959 1886 1057 1950 De
1127 1885 1441 1967 censibus,
1502 1893 1716 1951 utrum
1764 1888 2033 1971 possint
2094 1884 2396 1971 obliqarv'.
2462 1886 2720 1953 Census
2773 1887 2922 1970 jure

526 1991 833 2057 civitatis
880 1996 1162 2075 emptus,
1206 1991 1265 2058 si
1312 2010 1431 2074 pro
1479 1998 1631 2058 rata
1679 1992 2000 2074 temporis
2033 1991 2354 2072 solvatur,
2389 2008 2655 2073 semper
2686 1989 2922 2056 redimi

528 2105 771 2177 potest.
816 2096 988 2163 Item
1035 2113 1304 2163 censum
1351 2098 1630 2162 eundem
1686 2098 1959 2179 habenS,
2018 2096 2077 2161 si
2139 2095 2351 2161 invito
2414 2095 2713 2162 censuali
2774 2113 2922 2161 eum

526 2201 726 2265 alieri
772 2199 1193 2282 obligaverit,
1242 2200 1561 2284 obligatio
1608 2219 1738 2267 non
1795 2206 1901 2265 est
1962 2199 2232 2281 efficax3
2294 2204 2522 2281 potest
2580 2199 2755 2265 enim
2804 2216 2924 2281 per

530 2305 730 2385 illum,
774 2304 889 2383 qui
934 2322 1203 2369 censum
1250 2306 1472 2387 debet,
1518 2307 1781 2385 quando
1825 2304 2132 2381 voluerit,
2190 2303 2413 2388 reemi,
2461 2303 2641 2369 nullo
2688 2303 2921 2369 habito

530 2418 841 2489 respectu
890 2410 976 2473 ad
1023 2408 1225 2491 illum,
1274 2409 1380 2475 cui
1429 2428 1668 2475 census
1713 2407 1935 2475 fuerat
1981 2410 2337 2491 obligatus.
2385 2408 2552 2474 Nam
2593 2408 2816 2487 etiam,
2863 2406 2924 2473 si

530 2512 862 2577 &usualis
887 2530 1280 2592 quocunque
1314 2517 1609 2595 tempore
1643 2532 1684 2577 a
1717 2531 1956 2579 census
1988 2513 2399 2593 reemptione
2433 2512 2922 2594 prohiberetur,

534 2617 876 2697 pecuniam
923 2617 1279 2683 solutionis
1327 2635 1470 2683 cum
1520 2636 1726 2684 censu
1776 2637 1894 2699 pro
1940 2617 2053 2683 illa
2114 2617 2262 2683 vice
2315 2616 2633 2682 solvendo
2674 2616 2922 2698 jnratis

526 2725 610 2785 ad
662 2720 1002 2786 consilium
1052 2721 1548 2803 praesentabit3
1596 2741 1786 2801 quam
1837 2722 1893 2788 si
1942 2723 2243 2788 dominus
2287 2740 2530 2787 census
2577 2737 2920 2787 assumere

530 2825 838 2902 uoluerit,
883 2826 950 2889 in
998 2842 1187 2890 usum
1241 2832 1518 2906 possunt
1561 2833 1960 2892 convertere
2007 2826 2326 2892 civitatis

742 2991 875 3055 123.
926 2990 1023 3051 De
1070 2989 1251 3051 bonis
1298 2988 1707 3053 censualibus
1752 2990 1922 3053 nihil
1951 3000 2047 3059 est=
2084 2990 2517 3055 alienandum.
2583 2990 2773 3057 Sicut
2819 3008 2921 3073 ea,

530 3113 694 3169 quae
742 3094 810 3158 in
855 3092 1157 3159 fraudem
1223 3093 1627 3160 creditorum
1677 3097 1760 3162 de
1807 3095 1995 3161 bonis
2055 3095 2320 3179 pignori
2382 3095 2559 3161 datis
2621 3094 2922 3161 alienata

530 3197 792 3279 suerint,
839 3197 1014 3263 omni
1060 3200 1250 3262 modo
1296 3200 1722 3266 restituenda
1771 3207 1955 3266 sunt:
2005 3200 2102 3265 sic
2148 3203 2231 3266 de
2264 3200 2454 3266 bonis
2487 3199 2920 3265 censualibus

530 3301 658 3381 illu,
710 3320 875 3381 quae
940 3303 1024 3366 ad
1088 3304 1236 3384 ipsa
1297 3309 1627 3385 spectant,
1690 3322 1832 3369 swe
1895 3304 2031 3369 solo
2095 3309 2164 3369 et
2221 3302 2426 3371 fundo
2489 3302 2712 3382 affixa,
2773 3304 2922 3370 sive

530 3405 792 3471 nmin'iia
858 3406 966 3472 vel
1014 3424 1087 3471 se
1134 3410 1471 3473 moventia
1532 3408 1684 3489 sint,
1747 3426 1870 3472 nec
1935 3411 2184 3474 debent
2245 3425 2368 3473 nec
2435 3414 2712 3489 possunt
2772 3406 2920 3472 sine

526 3511 767 3574 domini
814 3527 1053 3575 census
1100 3509 1375 3575 licentia
1422 3514 1507 3576 ad
1552 3512 1838 3590 aliquem
1888 3513 2087 3578 alium
2137 3512 2510 3578 transferri.
2569 3511 2766 3577 Unde
2833 3514 2918 3577 de

534 3617 783 3677 balneis
830 3620 900 3678 et
931 3614 1337 3680 braxatoriis
1370 3616 1661 3697 patellae
1693 3616 1761 3681 in
1791 3615 2093 3683 fraudem
2128 3635 2388 3698 census,
2440 3633 2522 3681 ne
2559 3616 2920 3698 capiantur

532 3741 642 3797 pro
694 3718 990 3800 pignore,
1038 3719 1379 3797 exportari
1427 3737 1554 3784 non
1600 3728 1895 3801 possunt.

742 3873 878 3938 124.
919 3872 1020 3937 De
1050 3894 1237 3935 censu
1270 3874 1582 3951 civitatee,
1619 3886 1926 3958 quantum
1958 3878 2047 3939 acl
2075 3878 2542 3959 reemptionem.
2593 3852 2919 3943 Dominus

530 3996 762 4041 cemus
830 3996 961 4043 non
1030 3982 1255 4057 potest
1314 3996 1554 4061 cogere
1615 3980 2010 4063 censualem,
2071 3982 2184 4060 qui
2238 3986 2517 4048 censuat
2581 3982 2711 4048 sibi
2762 3980 2918 4063 jure

526 4085 803 4165 alu-ujus
835 4081 1154 4165 civitatis,
1185 4084 1270 4147 ad
1304 4083 1757 4151 redimendum
1792 4103 2077 4168 censum,
2125 4086 2428 4165 quamvis
2477 4086 2681 4151 etiam
2719 4086 2920 4170 sciat,

526 4209 670 4249 eum
726 4193 1086 4267 promptam
1132 4187 1380 4252 habere
1429 4189 1793 4271 pecuniam,
1839 4188 1970 4255 nisi
2008 4189 2189 4258 velit.
2240 4191 2430 4257 Unde
2478 4190 2635 4255 talis
2670 4208 2919 4256 census

526 4293 764 4355 „suffitio
835 4297 903 4354 et
969 4289 1113 4370 ejus
1192 4291 1555 4372 redemptio
1632 4311 1766 4357 non
1833 4294 1902 4359 in
1972 4294 2252 4360 arbitrio
2333 4294 2577 4361 domini
2654 4312 2920 4375 censue,
