3275 5009
644 339 813 401 Brnuenses.
1292 341 1326 395 99
1345 307 1348 314 ⁴

136 546 325 628 splendente
348 547 554 632 solvendum,
576 549 633 616 vel
655 548 776 632 pignus
798 567 859 630 pro
883 547 955 630 ipso
976 565 1036 630 per
1049 550 1196 636 judicem
1212 551 1326 616 datum

134 650 243 722 stetim
265 651 421 730 maenti
443 651 500 723 die
522 669 595 726 cum
617 651 707 749 scitu
728 652 866 722 testium
889 651 991 723 rendi
1015 656 1136 734 potest.

229 807 304 873 175.
332 806 448 871 Utrum
466 830 531 892 pro
553 807 672 874 debilis
694 809 814 872 solutis
838 794 981 895 hospites
1004 819 1036 873 et
1050 810 1190 874 homiues
1206 811 1243 874 do
1260 807 1325 872 alio

127 912 250 996 judicio
267 913 403 996 possint
423 915 548 979 testari.
574 913 770 998 Quaesitum
785 919 847 992 est,
864 918 974 980 utrum
991 933 1049 998 pro
1066 912 1191 982 debitis
1206 913 1338 980 solutis

134 1015 355 1097 recipiendum
377 1017 423 1084 sit
444 1018 670 1087 testimonium
694 1019 861 1086 hominum
883 1019 1101 1086 residentium
1126 1023 1224 1084 extra
1240 1018 1325 1098 iudi-

134 1120 222 1205 cium,
243 1120 280 1186 in
299 1140 364 1202 quo
379 1121 495 1188 debita
511 1128 591 1189 sunt
606 1121 806 1189 contracta?
830 1123 966 1205 Super
990 1141 1067 1204 quo
1091 1121 1325 1189 diffinitum

133 1222 227 1292 fuit:
252 1224 349 1309 Quod
371 1226 401 1291 si
422 1227 511 1294 tales
533 1227 683 1294 homiues
707 1231 787 1293 sunt
809 1228 917 1294 bonae
939 1227 1057 1310 famae,
1086 1227 1197 1294 eorum
1228 1225 1325 1292 testi-

133 1329 269 1395 moninm
294 1335 347 1396 est
368 1330 578 1399 audiendum.
602 1330 701 1397 Unde
724 1331 805 1397 licet
828 1333 990 1411 quaedam
1002 1332 1082 1416 jura
1096 1331 1220 1413 dicant,
1237 1333 1326 1412 quod

133 1435 248 1516 hospes
262 1429 435 1505 'advenam
458 1453 518 1516 pro
542 1435 666 1502 debitis
689 1436 843 1503 adminus
868 1436 989 1502 debeat
1012 1435 1148 1504 vincere
1172 1454 1244 1504 cum
1260 1454 1325 1501 uno

134 1537 201 1607 cive
227 1539 394 1606 civitatis:
418 1545 530 1606 tamen
552 1540 588 1606 iu
611 1539 880 1606 demonstrandis
897 1539 1021 1606 debitis
1038 1540 1158 1606 solutis
1175 1541 1324 1608 homines

134 1643 288 1727 extranei,
305 1645 478 1710 dnmmodo
494 1643 563 1710 sint
577 1644 698 1727 idonei,
715 1643 942 1710 testimonium
956 1643 1046 1710 ferre
1063 1650 1220 1726 possunt3
1237 1643 1325 1710 sicut

133 1745 229 1814 etiam
258 1749 374 1814 debita
403 1748 438 1813 in
466 1765 534 1813 nno
560 1747 686 1833 Jndicio
719 1752 895 1814 contracta
918 1747 952 1814 iu
976 1748 1041 1814 alio
1065 1748 1150 1815 solvi
1172 1754 1323 1830 possunt.

229 1905 304 1970 176.
327 1903 451 1968 Debita
473 1908 559 1988 repis
582 1913 612 1969 ct
634 1901 836 1988 reipublicae
858 1903 976 1970 debilis
993 1901 1071 1966 aliis
1086 1903 1326 1988 praeferuntur

133 2006 282 2074 omnibus.
304 2006 403 2075 Licet
425 2009 461 2076 in
484 2007 607 2080 debitis
630 2027 847 2090 personarum
878 2007 1133 2092 particularium
1164 2009 1323 2092 prioritas

133 2111 285 2194 temporis
308 2113 464 2196 pinguius
483 2115 538 2198 jus
561 2112 675 2196 iaciat,
697 2114 820 2196 tamen,
845 2115 907 2181 hoc
930 2131 996 2181 non
1020 2116 1186 2196 obstante,
1209 2115 1323 2182 debita

133 2319 265 2403 taxatio,
287 2320 460 2403 tributum,
489 2322 669 2405 engeltum
691 2339 820 2388 merces
843 2320 1034 2404 vigiliarum
1058 2328 1093 2388 et
1119 2321 1185 2390 hiis
1216 2322 1322 2390 consi-

135 2421 219 2490 milia
239 2424 364 2491 debitis
387 2425 546 2493 omnibus·
562 2425 809 2510 praeferuntur.

232 2582 306 2645 177.
339 2580 390 2644 De
423 2579 542 2645 debilis
575 2591 606 2644 at
639 2579 804 2647 derelictis
843 2581 927 2664 qood
958 2581 1131 2664 praecedit
1175 2580 1323 2647 olto-rom.

137 2680 169 2748 si
190 2685 336 2751 debitum
359 2691 413 2751 est
435 2683 528 2766 prius
551 2689 761 2752 contractum
784 2705 881 2765 quam
905 2685 1091 2752 dotalitium
1119 2686 1325 2769 promissum,

137 2790 209 2853 tune
230 2794 325 2856 actor
349 2788 453 2856 debiti
487 2789 599 2872 potius
630 2790 820 2856 admittitur
850 2792 893 2856 ad
925 2791 1129 2872 probandum
1159 2791 1325 2856 intentum

138 2908 231 2958 snum.
254 2892 291 2958 Si
312 2898 423 2961 sutem
448 2893 536 2960 site
563 2913 735 2977 converso,
757 2900 839 2960 tuuc
862 2894 891 2959 si
914 2894 1104 2960 dotalitium
1127 2893 1322 2976 promissum

137 3011 191 3074 per
204 2997 344 3068 heredes
358 2999 604 3078 subsequentes
627 2998 795 3082 legitimos
811 3017 878 3065 non
891 2999 996 3064 luerit
1012 2999 1206 3081 extinctum,
1229 3006 1324 3067 omne

137 3100 274 3168 debitum
295 3107 415 3184 postea
439 3108 647 3168 contractum
670 3103 918 3170 rationabiliter
941 3102 1120 3168 antecedit.

230 3205 316 3272 Sunt
345 3213 458 3273 autem
487 3207 579 3274 circa
611 3208 765 3274 dotalitia
796 3208 1004 3275 conditiones
1034 3206 1207 3290 speciales
1238 3226 1323 3288 quae
1356 3265 1359 3270 .

137 3304 321 3388 frequenter
351 3309 618 3393 interponuntur,
657 3312 838 3397 diligenter
876 3311 1138 3378 considerandae
1177 3318 1213 3378 et
1247 3313 1323 3378 illas

138 3413 257 3494 respice
279 3418 340 3482 sub
363 3415 474 3483 titulis
500 3416 571 3499 „De
594 3417 790 3484 dotalitiis“.

231 3571 303 3637 178.
336 3552 387 3635 Dc
419 3573 513 3637 modo
542 3575 697 3638 seruandi
731 3574 896 3658 captiuum
926 3595 991 3658 pro
1027 3572 1143 3641 debito.
1181 3574 1324 3640 Debitor

139 3670 257 3741 solvere
279 3694 346 3742 non
367 3677 504 3759 babens,
535 3676 565 3742 si
587 3696 648 3759 per
666 3678 813 3762 judicem
836 3683 1073 3760 praesentatus
1097 3677 1202 3744 fuerit
1224 3698 1323 3746 mauu

139 3769 190 3858 illi,
210 3779 261 3844 cni
281 3784 426 3863 tenetur,
464 3781 616 3848 servabit
638 3800 713 3848 eum
734 3782 770 3848 in
791 3782 863 3848 loco
895 3787 979 3865 tuto,
1010 3783 1103 3848 firmo
1135 3787 1169 3849 et
1201 3782 1323 3866 clauso,

139 3875 202 3946 sine
223 3881 443 3967 ferramentis,
474 3890 510 3951 et
537 3891 654 3968 pascet
677 3904 752 3953 eum
776 3904 849 3952 cum
880 3886 1007 3953 modico
1039 3903 1125 3968 pane
1157 3895 1193 3952 et
1225 3907 1323 3970 aqua,

139 3976 183 4046 ita
208 3990 292 4065 quod
321 3987 409 4059 fame
437 4008 503 4056 non
532 3990 703 4067 moriatur,
734 3991 789 4057 vel
822 3990 1011 4076 assignabit
1042 4009 1116 4057 eum
1147 3992 1323 4076 subjudici,

141 4086 190 4161 lui
216 4108 256 4157 ex
285 4092 357 4176 hoc,
390 4095 477 4174 qnod
512 4095 717 4162 auctoritate
750 4094 904 4180 fungitur
934 4094 1124 4178 judiciaria,
1157 4095 1191 4161 in
1226 4096 1322 4177 cippo

140 4185 273 4261 vinctum
296 4197 509 4280 compedibus
531 4217 603 4266 eum
618 4199 765 4280 tenebit3
780 4199 964 4266 transactis
979 4207 1090 4266 sutem
1106 4200 1189 4265 XIV
1205 4199 1322 4266 diebus
1455 4235 1458 4240 ·

141 4292 260 4368 solvens
293 4299 459 4386 subjudici
492 4303 645 4387 pretium,
679 4323 738 4386 pro
768 4323 838 4386 quo·
865 4311 1050 4374 conventus
1080 4306 1202 4387 tuerat,
1236 4305 1322 4385 qnod

1185 4425 1216 4478 7*
