3275 5009
187 350 189 355 ’
259 359 311 412 344
786 359 935 414 Addenda:

259 566 326 634 illis
358 573 525 647 tamquam
558 567 687 644 heredi¹
707 568 812 651 primo
848 571 934 636 bona
967 572 1099 638 cedent.
1130 570 1338 637 Notandum:
1362 570 1460 638 Sicut

260 670 400 738 maritus
434 689 489 738 res
516 672 631 756 legare
656 678 777 755 potest,
806 691 879 740 cum
902 673 997 751 vivit,
1020 674 1071 740 sic
1093 677 1129 740 et
1152 692 1251 755 uxor,
1274 675 1458 742 dominium

258 793 370 844 rerum
392 778 434 842 ad
458 793 529 841 enm
552 777 685 859 transit,
709 795 763 842 res
788 775 965 858 disponere
987 783 1101 859 potest
1123 778 1212 844 sicut
1231 781 1353 861 placet.

362 899 439 966 212.
463 897 522 965 De
545 898 792 965 intestatis.
816 898 877 965 Vir
899 899 1084 966 intestatus
1107 900 1252 966 moriens
1276 907 1312 966 et
1334 919 1457 982 pueros

259 1021 302 1068 61
325 1002 474 1084 pluribus
497 1003 656 1069 uxoribus
677 1003 871 1084 relinquens
902 1022 964 1085 per
993 1005 1102 1085 ipsum
1134 1010 1263 1087 gnatos,
1286 1005 1317 1070 si
1340 1007 1460 1072 ultima

259 1124 343 1173 uxor
365 1108 585 1188 supervivens
609 1126 681 1175 oum
704 1107 815 1189 pueris
839 1107 910 1173 sois
932 1127 953 1172 a
975 1108 1071 1175 bonis
1101 1114 1316 1188 sequestrata
1343 1108 1459 1191 fuerit,

260 1212 416 1290 quamdiu
439 1211 473 1278 in
497 1213 576 1278 sede
599 1211 775 1279 viduitatis
799 1213 930 1294 sedens,
953 1212 1097 1294 propriis
1121 1231 1195 1278 cum
1222 1230 1335 1279 eorum
1359 1215 1457 1280 bonis

258 1333 380 1396 pueros
397 1326 502 1399 reget.
527 1316 591 1401 Qui
607 1317 637 1382 si
652 1334 756 1383 annos
773 1315 986 1382 discretionis
1002 1318 1146 1382 nondum
1162 1317 1298 1394 habitis,
1317 1317 1459 1384 Domino

258 1425 407 1503 vocante,
432 1424 474 1487 ab
506 1421 569 1486 bac
601 1421 676 1488 luce
711 1420 918 1504 transierint,
952 1424 1037 1488 bona
1068 1421 1215 1502 ipsorum
1248 1423 1292 1486 ad
1315 1427 1460 1488 matrem

258 1527 472 1607 spectabunt,
505 1524 593 1591 siout
616 1545 634 1592 e
657 1543 820 1592 converso
843 1530 950 1591 matre
973 1544 1086 1593 eorum
1109 1525 1209 1591 vidua
1231 1531 1365 1592 mortua
1385 1526 1460 1610 ejus

258 1632 345 1695 bona
368 1631 410 1694 ad
427 1629 518 1712 ipsos
535 1630 765 1697 devolventur.
788 1630 985 1696 Transactis
1001 1633 1113 1695 autem
1129 1629 1227 1695 annis
1242 1629 1460 1696 discretionis

260 1733 354 1814 pueri
377 1752 450 1799 cum
472 1734 568 1800 bonis
591 1752 704 1800 eorum
728 1734 925 1816 disponendi
940 1735 1079 1801 liberam
1096 1735 1225 1800 hebent
1241 1734 1459 1800 voluntatem.

257 1836 299 1903 It.
335 1838 364 1902 si
398 1838 515 1906 mulier
548 1839 702 1905 maritum
737 1840 882 1921 duxerit,
918 1841 1002 1905 bona
1035 1854 1214 1920 puerorum
1249 1850 1457 1925 quocumque

257 1950 407 2022 tempore
431 1942 648 2026 decesserint,
670 1961 736 2008 non
760 1943 803 2008 ad
827 1942 941 2023 ipsam,
965 1944 1023 2008 sed
1046 1945 1090 2009 ad
1107 1960 1236 2025 pueros,
1256 1961 1340 2023 qnos
1357 1948 1460 2024 pater

258 2048 299 2112 16
315 2047 477 2128 prioribus
494 2047 653 2113 uxoribus
670 2046 857 2129 generavit,
872 2046 1077 2114 hereditarie
1090 2048 1317 2128 pertinebunt.
1333 2047 1459 2114 Omnes

257 2150 345 2216 enim
378 2150 565 2234 hujusmodi
599 2151 693 2232 pueri
727 2167 829 2216 unum
851 2151 1042 2216 habuerunt
1065 2157 1205 2232 patrem.
1229 2170 1249 2216 a
1273 2168 1338 2230 quo
1363 2151 1458 2216 dicta

257 2257 344 2320 bone
363 2254 583 2339 justicialiter
606 2259 849 2334 processerunt.

360 2377 436 2442 213.
467 2375 525 2440 De
554 2375 781 2458 legatione
814 2375 857 2440 in
892 2376 1112 2442 extremis.
1147 2375 1198 2441 De
1235 2375 1458 2458 gloriosorum

256 2480 438 2562 principum
463 2478 575 2562 gratia
598 2483 634 2544 61
656 2479 892 2560 benivolentia,
915 2479 1118 2545 dominorum
1152 2486 1352 2562 nostrorum,
1389 2479 1456 2545 vid.

255 2583 346 2665 regis
369 2583 550 2649 Bohemiae
573 2590 608 2650 61
630 2582 830 2650 marchionis
846 2583 1026 2665 Moraviae,
1049 2601 1108 2648 nos
1121 2583 1228 2666 jurati
1243 2582 1456 2667 Iglavienses

257 2690 488 2768 statuimus,ut
497 2690 888 2768 quicumquenostrorum
900 2688 1266 2753 morireturetuxorem
1278 2687 1461 2768 reliquerit

256 2798 291 2858 61
315 2794 466 2874 heredes,
485 2793 588 2876 judex
612 2791 684 2856 sive
709 2792 893 2857 advocatus
915 2808 977 2856 nec
993 2791 1114 2870 aliquis
1137 2791 1223 2857 alius
1243 2809 1280 2856 se
1298 2791 1456 2857 debonis

256 2898 327 2963 suis
346 2897 556 2976 aliquatenus
580 2895 793 2977 intromittat,
820 2897 880 2961 sed
904 2895 972 2960 sint
1001 2895 1037 2960 in
1069 2900 1239 2977 potestate
1272 2893 1388 2961 uxoris
1423 2903 1460 2960 et

255 3003 423 3067 heredum.
447 2999 482 3066 Si
505 3006 617 3066 autem
641 3018 723 3064 uxor
745 3004 870 3065 statum
894 3002 965 3082 ejus
989 3003 1120 3065 mutare
1143 2999 1299 3082 voluerit,
1319 3001 1361 3064 de
1378 3016 1459 3065 con·

256 3105 329 3170 silio
352 3105 457 3170 166161
480 3105 675 3185 amicorum,
707 3105 793 3183 quod
817 3104 846 3168 si
870 3122 935 3168 non
957 3103 1089 3185 fecerit,
1121 3104 1162 3168 de
1197 3102 1294 3168 bonis
1323 3109 1458 3167 tantum

257 3215 410 3289 quartam
425 3215 553 3288 partem
567 3205 740 3288 obtinebit,
754 3225 826 3272 cum
839 3208 880 3271 de
890 3206 966 3287 jnre
982 3205 1118 3272 tertiam
1134 3208 1276 3272 deberet
1292 3205 1458 3272 obtinere.

256 3313 303 3378 Et
325 3312 359 3378 in
383 3311 522 3377 arbitrio
557 3311 602 3375 sit
624 3310 841 3389 uniuscuique
875 3309 1022 3375 mulieris
1057 3309 1112 3376 vel
1144 3309 1289 3392 virginis
1323 3312 1455 3375 nubere

257 3416 313 3482 161
335 3415 515 3496 continere,
539 3414 615 3492 quia
639 3420 756 3481 coacta
790 3413 945 3496 conjugia
979 3431 1057 3478 raro
1091 3414 1235 3494 placent.
1270 3412 1306 3478 Si
1342 3418 1457 3479 autem

258 3521 377 3600 aliquis
410 3520 551 3587 moritur
585 3519 656 3585 sine
692 3536 792 3583 uxore
827 3524 862 3582 et
894 3515 1011 3582 liberis
1044 3522 1080 3582 et
1115 3520 1355 3582 testamentum
1391 3535 1457 3583 non

256 3624 384 3705 fecerit,
430 3623 539 3689 omnia
584 3625 668 3686 bona
711 3639 770 3686 sua
813 3621 961 3700 proximo
1003 3623 1125 3686 cedent
1167 3621 1294 3686 heredi.
1339 3619 1386 3685 Et
1428 3619 1457 3684 si

256 3729 413 3794 heredem
438 3745 501 3790 non
524 3725 687 3805 habuerit,
713 3725 773 3788 liat
795 3726 838 3789 de
860 3729 959 3791 rebus
995 3730 1031 3790 61
1064 3724 1160 3789 bonis
1194 3723 1263 3789 suis
1298 3725 1334 3790 in
1367 3725 1456 3789 bunc

256 3833 401 3896 modum:
436 3829 641 3895 Dividantur
674 3829 800 3894 intres
831 3835 953 3909 parteS,
977 3845 1115 3906 quarum
1139 3826 1248 3908 prime
1272 3828 1371 3893 cedet
1396 3845 1456 3907 pro

257 3933 367 4001 anima
383 3951 454 4015 sua,
477 3933 543 3997 alia
559 3950 638 3998 vero
656 3933 698 3996 ad
715 3932 787 3996 vias
810 3937 846 3996 et
869 3936 987 4012 pontes
1010 3931 1259 4012 instaurandos,
1282 3929 1388 3996 tertia
1413 3931 1454 3995 ad

256 4039 391 4120 negotia
414 4035 581 4115 civitatis,
615 4041 651 4101 61
672 4037 734 4099 hoc
767 4035 827 4100 fiat
862 4034 1029 4114 aliquibus
1063 4033 1290 4100 mediantibus
1317 4033 1453 4116 juratis.

256 4143 350 4217 Item,
374 4142 570 4217 ubicumque
586 4140 730 4204 locorum
746 4137 868 4216 aliquis
884 4138 1025 4203 moritur
1041 4155 1173 4219 compos
1191 4136 1343 4214 rationis
1360 4138 1452 4217 quid·

256 4244 335 4324 quid
358 4247 399 4308 de
422 4243 523 4306 rebus
557 4241 626 4306 suis
650 4241 857 4306 ordinaverit
884 4259 995 4306 coram
1024 4240 1107 4305 viris
1138 4239 1269 4306 idoneis
1303 4246 1341 4305 et
1372 4242 1450 4306 lide·

256 4346 374 4430 dignis
400 4346 452 4410 161
471 4343 603 4426 juratis
630 4345 679 4412 vel
704 4362 761 4409 suo
787 4345 938 4427 plebano,
961 4352 1070 4410 ratum
1093 4343 1169 4409 erit.
1193 4343 1246 4428 (I.)
