3275 5009
252 292 307 344 210
354 316 356 320 ·
775 293 938 345 Sententiae

254 497 449 564 famulorum
466 502 653 577 eorundem,
669 501 726 579 qui
749 502 878 584 exejus
896 503 1053 566 mandato
1068 503 1170 567 talem
1192 503 1456 568 vulnerationem

253 608 347 668 esset
364 604 543 670 verisimile
560 605 773 686 processisse,
790 611 949 670 censetur
964 625 1081 686 pacem
1096 605 1249 689 fregisse.
1266 607 1317 672 Ac
1333 614 1456 688 tamen,

255 708 284 772 si
306 705 421 773 famuli
443 708 606 774 dictorum
631 709 846 788 dominorum,
868 729 952 790 pace
975 712 1153 793 pendente,
1183 711 1232 776 eis
1256 711 1453 777 absentibus

254 831 317 878 nec
351 813 646 896 praecipientibus,
681 815 724 878 ad
756 813 900 880 invicem
934 832 971 879 se
994 815 1264 882 vulneraverint:
1299 833 1367 895 pax
1389 833 1454 880 non

246 915 421 997 judicatur
443 917 577 983 violata.
602 917 665 1000 Qui
689 935 823 984 servum
846 917 996 1000 alterius,
1029 921 1197 1000 pendente
1221 921 1332 984 edicto
1360 920 1451 1002 pacis

221 1083 224 1088 .
253 1020 343 1086 inter
355 1039 401 1104 se,
415 1021 586 1110 vulnerat:
602 1027 683 1086 tunc
699 1022 777 1102 quia
794 1040 909 1102 pacem
924 1021 1024 1088 factis
1036 1023 1147 1105 fregit,
1159 1031 1213 1090 est
1226 1024 1455 1090 decollandus.

254 1123 300 1188 Et
322 1129 460 1206 propter
482 1126 545 1191 hoo
568 1133 637 1190 tam
659 1127 846 1208 vulnerato,
878 1145 975 1206 quarn
1002 1126 1118 1210 judici,
1148 1134 1201 1192 est
1224 1127 1455 1208 satisfactum

253 1229 341 1294 bono
363 1246 452 1306 voro,
475 1247 561 1310 quae
584 1229 732 1308 dimittit,
757 1230 830 1313 ejus
853 1231 1033 1298 heredibus
1056 1231 1299 1313 relinquantur.

357 1366 467 1452 533.b)
505 1368 557 1432 Dc
585 1377 683 1452 pacis
716 1369 892 1433 violatione
924 1381 1080 1454 quantum
1110 1371 1155 1433 od
1187 1370 1345 1436 emendor.
1387 1371 1451 1437 Pro

251 1471 394 1538 emenda
416 1472 609 1539 violationis
638 1473 731 1554 pacis
762 1473 875 1541 iactae
905 1493 966 1556 per
994 1479 1109 1558 verba,
1143 1475 1216 1544 sive
1248 1475 1317 1541 sint
1351 1478 1456 1542 verba

252 1575 503 1643 comminatoria
528 1577 599 1644 sive
623 1578 737 1660 turpia
761 1581 796 1644 et
817 1577 1006 1662 inhonesta,
1042 1581 1121 1646 dato
1143 1578 1254 1663 etiam,
1277 1581 1365 1659 quod
1387 1580 1458 1645 sint

253 1679 352 1763 levia,
374 1681 544 1747 dummodo
568 1683 609 1746 ad
627 1682 827 1771 audiendum
850 1684 919 1749 sint
934 1683 1167 1766 opprobriosa:
1190 1684 1351 1749 solvenda
1374 1687 1454 1750 sunt

253 1783 284 1847 V
305 1783 446 1862 talenta,
471 1787 513 1852 de
536 1788 657 1866 quibus
681 1787 766 1852 duae
789 1795 906 1868 partes
923 1789 1045 1854 cedent
1063 1787 1169 1872 judici
1194 1793 1229 1853 et
1250 1787 1353 1852 tertia
1374 1789 1457 1854 civi·

250 1889 326 1956 tati.
363 1889 410 1955 Et
439 1890 608 1974 colligitur
638 1892 704 1958 ista
727 1894 866 1959 emenda
897 1911 939 1958 ex
961 1892 1099 1958 duribus
1124 1891 1363 1974 originalibus,
1395 1893 1457 1958 ubi

253 2011 312 2073 pro
336 1994 476 2061 maximo
499 2011 638 2063 excessu
664 1997 851 2079 verborum,
864 1996 953 2061 siout
968 2000 1021 2062 est
1038 1995 1248 2077 blasphemia
1263 1995 1318 2060 vel
1334 1993 1457 2060 falsum

249 2097 486 2181 testimoninm,
497 2117 557 2180 pro
573 2098 801 2180 redemptione
817 2099 953 2182 linguae
969 2108 1139 2182 ponuntur
1151 2100 1298 2179 quinque
1313 2099 1456 2165 talenta.

357 2236 462 2320 5330)
476 2237 615 2320 Depone
628 2237 753 2300 indicto
766 2246 796 2300 et
804 2235 978 2299 violatione
990 2241 1057 2321 gur
1070 2246 1195 2321 nepeta.
1204 2238 1318 2314 Home,
1327 2256 1460 2321 negans

253 2342 467 2410 violationem
491 2343 593 2426 pacis,
616 2343 717 2410 debet
740 2361 813 2408 cum
830 2342 981 2408 honestis
998 2341 1080 2408 viris
1097 2341 1132 2406 in
1149 2359 1248 2408 cruce
1263 2343 1458 2408 mettertius

252 2465 291 2513 se
314 2465 513 2532 expurgare.

357 2578 429 2642 534.
453 2575 544 2664 (er.)
568 2578 618 2640 De
640 2599 720 2662 poce
743 2586 899 2660 quantam
922 2576 966 2639 ad
980 2575 1205 2660 fidejussores.

542 2764 1174 2849 Capitulumthepoenis.

357 2905 430 2971 535.
453 2904 504 2968 Do
534 2907 652 2988 poeuis
690 2911 723 2967 tn
743 2925 867 2989 qaaere.
890 2904 1051 2971 Homines
1073 2905 1270 2985 delinquunt
1293 2910 1354 2971 aut
1376 2925 1457 2987 pro·

255 3008 372 3094 posito,
388 3014 448 3075 aut
462 3011 596 3093 impetu,
616 3015 676 3075 aut
698 3025 786 3076 casu.
802 3000 979 3090 Proposito
1002 3007 1198 3088 delinquunt
1219 3009 1380 3094 latrones,
1396 3014 1459 3093 qui

252 3113 450 3180 societatem
474 3115 601 3180 habent
624 3133 696 3180 cum
720 3113 795 3180 aliis
818 3112 854 3178 in
877 3113 950 3193 via3
984 3113 1113 3195 impetu
1135 3117 1255 3189 autem,
1290 3131 1364 3179 cum
1395 3135 1461 3198 per

253 3217 454 3284 ebrietatem
477 3221 520 3284 ad
543 3237 658 3285 manus
681 3218 805 3284 autad
828 3215 953 3282 ferrum
976 3217 1134 3298 veniunt3
1155 3234 1236 3282 casu
1258 3235 1348 3298 vero,
1379 3237 1459 3286 cum

254 3321 290 3386 in
312 3322 467 3387 venando
491 3322 594 3388 telum
618 3323 653 3387 in
675 3321 781 3387 feram
804 3320 941 3385 missum
963 3320 1126 3387 hominem
1149 3320 1318 3388 interficit.
1341 3323 1459 3390 Facta

254 3424 447 3506 puniuntur,
462 3429 499 3490 ut
511 3425 699 3510 latrocinia,
711 3425 804 3491 furta
816 3429 852 3490 et
863 3424 1050 3507 homicidia,
1063 3431 1122 3490 aut
1135 3425 1236 3508 dicta,
1250 3431 1287 3490 ut
1299 3429 1457 3496 convicia

252 3535 289 3594 et
311 3531 458 3611 perfidae
482 3530 728 3607 advocationes
751 3533 811 3596 aut
834 3529 971 3611 scripta,
993 3535 1032 3593 ut
1054 3529 1131 3595 falsi
1151 3533 1186 3594 et
1200 3529 1319 3596 famosi
1333 3531 1456 3616 libelli,

252 3637 315 3699 aut
336 3633 475 3700 consilia
498 3635 720 3718 iraudulenta,
746 3639 783 3700 ut
807 3633 1056 3716 conjurationes
1080 3638 1115 3699 et
1136 3633 1302 3700 latronum
1325 3638 1458 3704 consci-

253 3738 356 3822 entia,
378 3744 414 3804 et
437 3738 493 3817 qui
516 3741 686 3805 suadendo
710 3738 839 3818 aliquos
861 3739 1025 3804 inducunt
1048 3740 1091 3804 ad
1113 3738 1285 3805 maleficia.

359 3841 406 3906 Et
420 3843 505 3909 haec
528 3849 672 3924 quatuor
687 3861 813 3926 genera
830 3843 1073 3909 consideranda
1088 3851 1168 3908 sunt
1183 3848 1313 3925 septem
1335 3845 1458 3927 modis,

212 3947 214 3950 ’
254 3946 401 4013 scilicet:
425 3946 544 4030 Causa,
566 3949 717 4029 persona,
740 3947 822 4024 loco,
852 3951 1013 4028 tempore,
1042 3947 1217 4030 qualitate,
1250 3947 1457 4031 quantitate,

255 4054 391 4117 eventu.

360 4155 479 4237 (lausa,
501 4159 539 4220 ut
570 4155 605 4221 in
627 4156 837 4239 verberibus,
871 4173 956 4234 quae
987 4155 1191 4239 amagistro
1225 4157 1280 4223 vel
1309 4159 1457 4238 parente

254 4258 351 4326 illato
372 4258 526 4342 inpunita
563 4265 648 4338 sunt,
678 4260 757 4339 quia
790 4259 1042 4344 emendationis,
1071 4279 1137 4328 non
1165 4260 1309 4345 injuriae
1338 4258 1458 4343 gratia
