3275 5009
706 327 874 380 Brunenses.
1336 326 1387 380 167

294 537 381 604 Item
392 543 479 619 nota,
489 537 618 617 quodin
627 536 756 619 magnis
769 542 803 602 et
815 535 975 624 gravibus
989 535 1191 616 excessibus,
1200 535 1389 620 vulgariter

185 641 291 707 dictis
323 642 656 725 heymsuchung,
687 641 743 722 qui
774 643 878 708 verba
908 639 1080 705 continent
1103 639 1261 717 8118818,
1284 639 1387 707 118181

186 747 317 813 181881
340 765 398 827 818
423 745 569 813 subsidio
594 764 654 826 per
676 749 827 814 invasum
851 743 1031 826 inclamari,
1053 762 1277 824 excessusque
1298 745 1389 812 tales

186 850 280 916 Infra
300 850 372 916 dies
388 850 469 916 XIV
488 851 665 930 querulari.
682 849 839 916 Gaudent
856 849 942 914 enirn
958 847 1040 914 dicti
1055 866 1212 914 excessus
1228 848 1290 914 tali
1300 850 1389 933 jure,

184 956 279 1034 quod
303 955 464 1020 scribitur
488 955 525 1020 in
558 953 697 1020 Iuribus
728 951 956 1036 originalibus
980 951 1114 1018 rubrica
1138 952 1210 1034 „De
1233 956 1390 1034 stupr0“:

186 1057 404 1143 „Statuimus
428 1057 528 1124 etiarn
550 1057 756 1124 111811881818ιι
782 1063 818 1124 81
840 1057 1020 1124 secuudum
1040 1057 1101 1122 188
1117 1058 1387 1139 restringendum
1407 1146 1410 1153 Ι

183 1173 254 1241 est,
290 1164 377 1243 quod
410 1163 570 1229 scribitur
604 1163 638 1229 in
672 1162 738 1229 fine
769 1162 901 1228 18118111
935 1160 1153 1246 Originaliom
1187 1161 1221 1227 in
1251 1161 1390 1228 rubrica

185 1267 266 1351 „De
289 1265 465 1333 invasione
488 1267 641 1332 dornos“:
668 1265 893 1350 ,Quicumque
915 1266 1043 1332 domurn
1066 1264 1206 1332 alterius
1229 1267 1311 1332 818.ιι

295 1423 489 1489 400.-402.
517 1421 568 1486 Dc
592 1420 727 1486 testibus
749 1422 930 1485 1888818818
954 1423 1074 1488 domos.
1104 1422 1388 1503 adprobandum

182 1527 403 1596 invasionem
425 1529 540 1594 domus
556 1524 662 1608 recipi
677 1532 820 1610 possunt
835 1529 943 1593 testes
958 1524 1071 1608 vicini,
1085 1543 1152 1592 non
1166 1527 1272 1594 881818
1287 1528 1388 1594 colla·

184 1633 332 1716 teretes,
355 1631 509 1714 superius
532 1635 568 1698 et
591 1631 739 1710 interius,
762 1628 905 1712 proximi
919 1629 975 1698 vel
989 1629 1243 1713 transversales,
1259 1632 1389 1699 directe

186 1735 348 1818 oppositi,
370 1735 433 1802 imo
458 1734 525 1817 alii,
550 1737 721 1802 dummodo
738 1735 807 1801 sint
822 1732 942 1816 idonei,
957 1734 1108 1814 quamvis
1125 1753 1144 1799 a
1160 1736 1254 1801 domo
1269 1736 1391 1803 invasa

182 1844 317 1907 sintin
340 1841 453 1920 aliqua
477 1839 648 1922 distantia,
671 1839 705 1906 in
728 1840 846 1904 eadem
867 1838 958 1904 11888
982 1838 1387 1908 1811881181881188188.

185 1944 289 2025 Item,
312 1944 368 2024 qui
391 1944 487 2027 plura
510 1943 545 2008 in
567 1961 635 2010 una
658 1943 797 2012 81111818
820 1943 1205 2011 181181881811181818
1232 1944 1389 2011 habuerit

185 2047 368 2132 domicilia,
402 2046 553 2128 quamvis
587 2047 621 2113 iu
656 2065 721 2114 uuo
751 2046 948 2128 frequenter
979 2047 1134 2114 18111818
1163 2048 1388 2132 consueverit,

184 2159 303 2220 tamen
334 2170 393 2234 pro
426 2152 483 2218 illo
513 2155 671 2234 ternpore,
704 2169 769 2231 qno
799 2151 834 2217 in
865 2151 931 2217 alio
962 2153 1107 2235 steterit,
1141 2153 1182 2217 18
1214 2152 1394 2221 invasione

187 2259 308 2324 domus
331 2255 453 2322 testari
475 2255 602 2338 poterit
624 2259 662 2322 81
682 2254 821 2321 vicinus.
853 2255 949 2339 Item,
971 2273 1129 2322 excessus
1155 2255 1191 2322 in
1213 2257 1388 2325 invasione

186 2363 307 2428 domus
330 2365 428 2426 atron
452 2366 504 2425 est
534 2365 570 2425 et
593 2380 613 2425 8
636 2361 730 2424 domo
762 2378 881 2426 nomen
911 2361 1051 2443 accepit,
1083 2364 1118 2426 81
1147 2363 1249 2428 18181
1280 2361 1389 2444 accipi

187 2467 319 2548 domus,
340 2465 413 2532 sive
436 2466 471 2531 in
494 2462 630 2546 propria
661 2465 755 2529 domo
786 2463 859 2542 quis
890 2463 1030 2546 habitet,
1060 2463 1133 2531 sive
1156 2465 1191 2529 in
1214 2468 1388 2551 conducta,

184 2568 249 2637 vel
271 2572 377 2651 gratis
402 2586 463 2650 pro
486 2567 631 2650 hospitio
654 2573 811 2651 receptus
834 2571 888 2635 sit.
911 2567 1007 2652 Item,
1030 2569 1182 2648 quamvis
1204 2571 1389 2637 demumst

186 2674 347 2741 8188188
363 2677 399 2739 81
420 2671 566 2740 ballistis
597 2673 760 2740 invadere
783 2673 935 2755 graviter
957 2673 1004 2738 sit
1025 2673 1245 2756 prohibitum:
1275 2680 1388 2755 tamen

173 2779 319 2845 'domum
344 2778 394 2842 818
416 2776 471 2843 181
487 2776 772 2858 qualitercumque
787 2777 889 2843 aliter
904 2775 1094 2860 defendere,
1109 2776 1246 2844 videtur
1260 2778 1388 2846 licitum

184 2887 227 2949 81
251 2899 453 2947 concessum.
476 2880 571 2964 Item,
595 2873 816 2949 conventores
841 2883 1010 2946 domorum
1032 2883 1139 2948 bonae
1161 2881 1279 2964 famae,
1306 2883 1388 2949 licet

182 2985 260 3054 sint
273 3002 440 3066 caupones
456 2985 511 3050 vel
527 2984 703 3067 ducillarii,
719 2983 754 3049 in
772 3003 874 3050 causa
889 2984 1073 3051 1818818818
1090 2987 1204 3052 domus
1221 2992 1388 3069 tamquam

182 3088 267 3160 veri
288 3087 438 3170 hospites
461 3086 798 3154 18811888181818118
822 3093 971 3171 8888881.

295 3193 392 3277 Item,
419 3192 526 3259 minor
548 3192 678 3262 invasio
701 3195 816 3259 domus
839 3192 913 3260 sine
935 3193 1108 3278 sanguinis
1132 3193 1292 3262 effusione
1310 3213 1388 3262 con·

186 3297 339 3383 tingens,
352 3315 412 3379 per
423 3300 535 3364 188188
552 3295 736 3379 118188881,
746 3299 924 3377 antequam
941 3313 1001 3379 per
1016 3295 1168 3363 invasum
1184 3303 1390 3384 statuantur,

185 3420 257 3486 per
271 3405 445 3469 adversam
462 3408 592 3484 partem
608 3403 650 3467 18
665 3399 857 3468 vulneribus
873 3400 1019 3467 11888811
1030 3400 1164 3486 1881181,
1175 3402 1310 3483 8181811
1322 3421 1391 3470 nou

182 3511 312 3590 potest.
341 3507 381 3572 In
412 3507 530 3588 mojori
560 3525 641 3572 vero
670 3506 846 3574 invasione
876 3507 1001 3588 188188,
1030 3504 1065 3571 18
1094 3524 1160 3585 888
1191 3508 1388 3587 superficies

179 3615 332 3692 apparet
354 3611 623 3694 sanguInolenta,
650 3610 848 3692 exceptione
878 3609 1091 3692 praescripta
1121 3629 1188 3676 non
1218 3615 1389 3694 obstante,

179 3721 297 3782 testes
321 3715 516 3796 praehabIti
533 3715 764 3796 admittuntur,
788 3714 881 3795 pacis
899 3714 1101 3780 domesticae
1117 3715 1151 3779 in
1166 3714 1322 3781 favorem.

306 3931 558 4013 capitulum
580 3908 749 3999 XXXVI:
772 3931 831 4000 De
851 3931 1000 4016 judice
1023 3936 1066 3998 et
1083 3931 1276 4017 judiciis.

296 4070 370 4138 403.
392 4070 444 4133 De
475 4069 624 4134 electione
642 4069 783 4155 judicis,
814 4071 886 4154 quis
913 4080 943 4133 81
966 4069 1073 4154 qualis
1097 4073 1143 4134 811
1164 4069 1340 4156 8119811188,
1358 4081 1388 4132 81

188 4197 273 4259 quac
305 4175 501 4238 conditiones
532 4195 590 4237 sao
620 4176 809 4238 conveniant
841 4175 1002 4260 capimini.
1037 4175 1143 4242 Homo
1176 4173 1211 4241 in
1240 4173 1389 4258 judicem

189 4279 368 4364 eligendus
406 4298 471 4346 non
506 4281 607 4346 debet
641 4298 716 4346 esse
750 4279 913 4363 perjuros,
948 4296 1010 4345 nec
1043 4279 1145 4346 etiam
1178 4281 1279 4347 debet
1312 4296 1388 4346 esse
