3275 5009
805 307 970 364 Sententiae

394 518 469 585 688.
482 513 576 588 Quod
587 538 628 579 eor
638 514 742 579 scotta
756 516 975 579 nominatione
993 525 1083 579 octor
1095 526 1125 579 et
1136 538 1210 579 rena
1227 514 1478 601 condempnatur.

288 620 434 704 Accidit,
458 622 545 702 quod
568 620 711 686 vitricus
733 620 956 702 orphanorum
978 623 1205 705 quorumdam,
1225 624 1398 713 postquam
1412 624 1478 687 tres

286 728 420 811 juratos
444 744 502 808 pro
525 726 713 793 intentione
740 743 801 792 sua
824 727 1004 807 probanda,
1035 726 1123 793 sicut
1154 744 1196 793 111
1226 725 1396 792 sententia
1425 743 1478 806 pro

291 848 328 896 se
351 831 424 896 lata
446 830 650 913 obtinuerat,
672 848 788 927 eoram
803 830 930 914 judicio
954 830 1141 914 statuisset,
1176 830 1389 898 nesciebatur
1421 847 1478 909 quo

290 941 409 1016 raptus
449 933 580 1017 spiritu,
617 952 682 1001 non
719 938 865 1012 coactus,
903 936 1091 1019 subjunxit:
1129 935 1288 1017 „Domine
1319 936 1421 1019 judex
1450 937 1482 999 et

288 1040 404 1123 jnrati,
428 1041 471 1106 ad
486 1039 714 1106 testimonium
730 1039 869 1105 istorum
883 1038 1080 1124 juratorum,
1097 1058 1179 1119 quos
1196 1040 1311 1122 statui,
1327 1041 1481 1105 adducam

269 1137 273 1146 ’
290 1162 366 1211 mox
390 1151 425 1210 et
449 1148 595 1209 statuam
619 1144 714 1211 vobis
738 1144 848 1211 adbuc
863 1145 1026 1210 tribunali
1041 1143 1311 1226 praesidentibus
1326 1148 1362 1210 et
1377 1149 1481 1210 actum

288 1247 503 1331 jndiciarium
526 1247 809 1332 continuantibus,
832 1248 945 1329 plures
968 1249 1052 1316 alios
1076 1250 1196 1331 probos
1217 1248 1316 1330 viros,
1332 1266 1392 1330 per
1407 1263 1482 1327 quos

294 1352 383 1418 sicut
406 1370 467 1434 per
487 1356 595 1418 testas
618 1370 684 1417 uua
700 1370 774 1419 oum
787 1352 910 1436 juratis
927 1353 1009 1434 ipsis
1026 1352 1194 1420 intentum
1210 1369 1317 1418 meum
1334 1352 1482 1434 probabo,

292 1461 329 1523 et
351 1457 386 1523 in
410 1475 513 1522 causa
543 1458 635 1541 juste
671 1475 721 1522 me
755 1459 938 1539 procedere
962 1460 1228 1524 demonstrabat
1261 1456 1355 1541 Quod
1377 1460 1483 1521 tamen

292 1578 358 1627 non
397 1559 488 1626 iecit.
526 1562 620 1627 Bene
656 1561 788 1642 quidem
827 1580 929 1628 unum
963 1560 1156 1645 nominavit,
1189 1563 1249 1627 sed
1282 1567 1394 1627 111111
1426 1576 1482 1625 111

293 1668 445 1747 eundem,
468 1684 530 1732 nec
553 1666 696 1745 aliquem
719 1665 820 1733 alium
843 1667 965 1733 statuit
989 1667 1043 1733 vel
1066 1668 1213 1734 adduxit
1237 1666 1351 1733 Finito
1374 1665 1482 1744 itaque

290 1768 416 1853 judicio
452 1771 592 1851 orphani
624 1790 684 1852 pro
718 1790 778 1837 sua
814 1777 911 1852 parte
946 1772 1147 1838 sententiani
1182 1770 1384 1853 petiverunt,
1418 1785 1484 1833 cum

293 1873 436 1941 vitricus
460 1893 572 1941 eorum
594 1894 660 1941 non
683 1883 830 1953 coactus,
854 1876 1079 1943 testimonium
1101 1894 1161 1958 per
1184 1875 1384 1942 sententiam
1407 1870 1483 1937 diffi-

293 1978 436 2046 nitivam
458 1984 625 2059 tamquam
650 1979 819 2046 sufficiens
844 1979 908 2045 sibi
923 1998 1118 2047 concessum
1134 1981 1321 2047 voluntarie
1337 1994 1483 2061 augmen-

292 2086 416 2166 tasset,
438 2102 499 2149 nec
522 2084 566 2149 ad
588 2086 676 2163 quod
698 2102 735 2150 se
758 2085 980 2168 obligaverat,
1009 2086 1052 2150 ad
1083 2084 1237 2151 effectum
1268 2082 1482 2165 produxisset,
1589 2156 1590 2183 ἶ

294 2194 407 2253 utrum
422 2187 456 2252 in
469 2206 570 2255 causa
582 2206 647 2254 non
660 2190 837 2255 succubuit
849 2193 884 2255 et
894 2188 960 2271 ipsi
973 2208 1064 2256 suam
1073 2188 1240 2270 justitiam
1253 2188 1322 2254 siut
1333 2181 1483 2253 executi?
1589 2186 1590 2205 ¹

404 2316 538 2391 Super
566 2328 643 2390 quo
671 2310 902 2376 diffinitum
927 2322 1011 2378 est:
1042 2311 1094 2377 Ex
1118 2330 1182 2391 quo
1205 2315 1346 2381 vrtricus
1369 2314 1484 2388 orpha·

294 2431 423 2498 norum,
453 2432 518 2478 non
542 2419 689 2494 coactas,
718 2417 761 2480 ad
792 2417 994 2496 probandam
1022 2435 1155 2482 causam
1179 2434 1271 2481 suam
1296 2412 1484 2495 perplures

296 2521 406 2582 testes
437 2535 535 2595 quam
558 2518 780 2601 perjuratus,
803 2538 885 2598 quos
918 2526 1095 2602 statuerat,
1126 2538 1161 2586 se
1192 2517 1380 2585 voluntarie
1410 2516 1485 2581 obli·
1588 2530 1589 2603 g

296 2620 393 2704 gavit
428 2627 462 2685 et
499 2621 534 2685 in
566 2621 627 2686 tali
662 2623 858 2703 probatione
895 2623 1030 2707 deiecit,
1062 2626 1114 2707 jus
1149 2642 1243 2689 suurn
1267 2620 1424 2704 ,perdidit
1456 2623 1488 2683 et
1588 2612 1589 2623 ’

296 2724 440 2805 orphani
471 2743 584 2791 eorum
605 2726 660 2807 jus
685 2732 763 2790 sunt
797 2729 937 2793 executi.
972 2728 1055 2794 Nam
1088 2727 1123 2793 in
1157 2727 1335 2809 proverbio
1370 2723 1486 2791 dicitur

297 2828 475 2895 communi:
509 2829 580 2911 „De
603 2846 667 2908 quo
691 2830 764 2910 quis
786 2832 915 2896 lucrum
939 2838 973 2896 et
997 2834 1249 2898 emolumentum
1280 2829 1421 2911 quaerit,
1449 2828 1485 2891 de

296 2932 365 3015 illo,
381 2933 409 2997 si
425 2932 460 2997 in
475 2931 677 2998 contrariam
694 2934 858 2998 relabitur
878 2942 1017 3018 partem,
1039 2938 1215 3018 dampnum
1239 2934 1356 3000 merito
1380 2950 1486 3013 repor-

298 3038 418 3103 tabit“.
440 3037 651 3117 Frequenter
670 3036 772 3102 etiam
786 3039 920 3116 accidit,
944 3042 1032 3120 quod
1055 3058 1096 3105 ex
1119 3040 1224 3105 stulta
1246 3037 1370 3103 actoris
1394 3053 1486 3117 quae·
1587 3042 1588 3053 ¹

298 3143 407 3208 stione
433 3147 468 3205 11
490 3140 706 3206 insufficienti
729 3142 779 3206 rei
801 3143 1019 3223 responsione
1043 3163 1152 3209 coram
1173 3143 1298 3229 judicio
1318 3144 1430 3226 justus
1446 3138 1487 3204 sit

298 3245 477 3327 culpabilis
516 3251 550 3309 et
587 3246 732 3328 injustus
766 3246 927 3313 innocens
970 3247 1124 3313 redditur
1157 3254 1192 3313 et
1226 3246 1392 3329 immunis,
1430 3260 1487 3310 nee

301 3352 436 3429 oportet
458 3346 613 3414 vitricum
636 3350 743 3431 ipsum
767 3351 808 3415 de
827 3350 941 3432 judice
965 3352 1096 3417 causari
1123 3352 1250 3433 aliquid
1280 3352 1335 3417 vel
1361 3349 1487 3432 juratis.

298 3450 530 3534 vigilantibus
553 3451 648 3534 anim,
672 3459 792 3518 11111
817 3454 1058 3521 dormientibus
1069 3454 1148 3537 jura
1164 3456 1373 3521 subveniunt.
1397 3454 1487 3519 Unde

299 3556 487 3638 dampnum,
509 3556 596 3635 qnod
619 3574 679 3621 sua
702 3556 800 3638 culpa
824 3556 858 3621 in
879 3557 1069 3638 provisione
1086 3560 1160 3639 quis
1177 3560 1291 3641 sentit,
1306 3558 1370 3624 sibi
1385 3559 1487 3637 debet,
1586 3552 1587 3583 l

298 3677 368 3726 non
391 3651 467 3725 aliis
490 3659 664 3739 imputare.

409 3779 476 3866 (Ad
499 3782 586 3847 idem
608 3783 739 3864 respice
761 3783 849 3849 iufra
872 3784 907 3848 11
929 3783 987 3850 1111
1009 3784 1161 3851 rubrica:
1196 3786 1323 3868 ,Causa
1353 3782 1486 3851 nominis

304 3885 460 3967 proprii“.
491 3888 563 3950 Art.
587 3888 674 3969 716.)

414 4059 486 4123 689.
515 4056 628 4119 Utrum
652 4061 758 4120 cocina
777 4062 887 4142 possit
909 4082 975 4123 cece
999 4064 1099 4127 teatio.
1128 4061 1268 4146 Quidam
1292 4061 1488 4143 scripserunt

304 4161 437 4227 senatui
453 4162 516 4229 sic:
539 4162 604 4227 Sex
620 4160 703 4226 socii
717 4161 805 4228 fabri
819 4163 1016 4243 frequenter
1031 4167 1189 4231 tabernas
1206 4166 1302 4232 simul
1318 4166 1487 4232 visitantes

305 4274 341 4331 et
363 4267 399 4331 11
423 4266 509 4331 ludis
532 4265 732 4343 taxillorum,
756 4267 876 4345 quibus
900 4270 1058 4336 continua
1080 4270 1251 4353 insistunt,
1279 4269 1487 4352 perditionem
