3275 5009
592 353 755 410 Sententiae
774 353 960 422 Iglavieuses.
1326 353 1378 404 835

175 566 318 634 violare.
363 565 398 632 Si
440 565 553 633 verbis
594 566 733 630 eandem
772 562 952 627 violaverit
996 559 1192 640 inhonestis,
1236 561 1377 642 pecunia

176 670 347 752 punietur,
371 670 437 735 vid.
457 667 563 751 judici
585 667 649 734 LX
671 668 729 732 sol.
755 673 788 732 et
812 665 953 732 cuilibet
970 667 1083 749 jurato
1107 663 1219 746 XXX,
1237 663 1294 744 qui
1308 664 1377 730 sint

175 779 312 842 breves.
334 773 452 840 Eidem
476 791 602 854 poenae
625 769 820 854 subjacebit,
849 769 1047 850 quicumque
1079 769 1248 836 concivem
1281 786 1377 834 snum

176 879 294 946 verbis
318 876 495 944 offenderit
517 875 729 957 vituperaris,
752 874 844 941 laeso
867 877 979 938 autem
1006 869 1198 940 satisfaciat
1228 872 1377 955 dupplici

177 1001 289 1066 poena
313 981 500 1064 solidorum,
519 979 624 1065 judici
646 977 951 1060 persolvendorum.
974 977 1043 1063 (L.)

289 1105 364 1172 179.
389 1101 468 1187 Qui
491 1119 634 1184 pacem
668 1100 878 1182 frangunt
911 1099 952 1164 in
984 1098 1054 1165 dic
1088 1097 1264 1166 forensi.
1298 1097 1376 1182 Qui-

178 1226 323 1288 cumque
348 1225 461 1290 pacem
484 1207 519 1272 in
539 1205 593 1272 die
608 1204 735 1272 lorensi
751 1202 946 1270 vulneribus
963 1202 1140 1285 infregerit
1155 1209 1214 1270 aut
1229 1202 1378 1285 vulnere,

177 1312 292 1377 victus
327 1312 436 1377 tribus
470 1311 615 1377 testibus
648 1327 747 1375 manu
781 1307 932 1389 privetur
959 1307 1014 1372 vel
1043 1325 1116 1372 eam
1138 1309 1281 1374 redimet
1303 1327 1378 1374 cum

175 1415 214 1480 X
229 1415 360 1480 marcis.
383 1414 431 1479 Et
446 1414 477 1480 si
492 1413 566 1493 quis
583 1415 697 1480 eodem
713 1413 768 1478 die
784 1411 931 1495 gladium
948 1411 1182 1495 evaginaverit
1198 1414 1241 1477 ad
1257 1412 1376 1478 malum

177 1519 332 1601 alt-erius,
355 1520 414 1584 sed
437 1524 638 1584 tamennon
663 1517 784 1598 laedat,
809 1514 919 1580 victus
942 1516 1050 1581 tribus
1074 1514 1221 1581 testibus
1249 1534 1377 1597 poenae

118 1622 127 1640 ⁸
176 1625 280 1689 unius
302 1639 434 1688 marcae
458 1621 653 1705 subjacebit,
685 1620 792 1700 judici
815 1620 850 1684 in
873 1620 982 1685 media
1004 1637 1117 1685 marca
1140 1626 1175 1686 et
1195 1620 1319 1703 jnratis
1342 1624 1377 1688 iu

177 1727 290 1793 media
312 1745 435 1792 marca.
459 1724 494 1792 Si
517 1735 627 1791 autem
651 1743 736 1790 unus
763 1726 954 1808 juratorum
989 1723 1122 1807 viderit,
1158 1725 1377 1794 convincetur

177 1836 216 1897 et
238 1830 381 1914 gratiam
404 1831 486 1913 ejus,
510 1847 605 1908 quem
639 1829 773 1894 laedere
808 1829 923 1907 voluit,
957 1828 1107 1896 inveniet
1143 1828 1230 1896 sicut
1256 1837 1378 1912 potest.

176 1935 222 2001 It.
246 1934 371 2014 siquis
395 1933 541 2017 gladium
565 1949 658 2000 suum
682 1952 791 1999 coram
811 1933 935 2016 juratis
968 1934 1022 2000 vel
1049 1933 1160 2012 aliquo
1187 1933 1375 2016 juratorum

179 2038 422 2123 evaginaverit,
438 2037 547 2104 solvet
562 2039 701 2103 mediam
718 2055 862 2104 marcam
872 2063 881 2117 3
892 2037 999 2120 judici
1015 2039 1136 2102 cedent
1150 2040 1235 2104 dnae
1252 2046 1376 2123 partos,

177 2143 283 2209 tertia
302 2141 435 2226 juratis.
458 2140 494 2208 Si
511 2141 583 2221 quis
605 2161 678 2207 cum
693 2142 875 2208 interdicto
892 2146 1073 2221 praeacuto
1091 2141 1201 2224 gladio
1219 2145 1376 2211 detentus

177 2245 291 2330 fucrit,
314 2248 348 2312 in
371 2264 482 2312 marca
507 2246 664 2327 punietur
688 2252 722 2311 et
745 2247 877 2330 gladius
898 2246 1003 2328 judici
1026 2245 1227 2327 remanebit,
1252 2247 1376 2315 sivero

177 2349 305 2416 fuerint
327 2356 398 2416 tres
422 2350 535 2433 gladii,
559 2356 623 2416 duo
647 2352 768 2417 cedent
785 2349 899 2433 judici,
917 2350 1040 2414 tertius
1052 2347 1187 2430 jnratis.
1210 2350 1247 2417 Si
1262 2360 1377 2420 autem

179 2452 358 2522 communis
393 2455 523 2537 gladius
558 2462 633 2534 post
667 2454 883 2520 interdictum
917 2455 1005 2535 apud
1039 2453 1182 2532 aliquem
1217 2457 1377 2524 detentus

177 2558 289 2635 fuerit,
305 2559 359 2624 hic
375 2559 410 2625 in
425 2559 556 2624 fertone
572 2558 802 2639 respondebit;
828 2559 856 2622 si
872 2562 1074 2639 praeacutus
1092 2559 1248 2626 cultellus
1263 2559 1377 2645 fuerit,

179 2663 214 2728 in
238 2663 344 2728 medio
368 2661 498 2728 fertone
526 2664 750 2742 respondebit.
775 2660 862 2746 (LI.)

650 2799 726 2864 Post
749 2805 808 2864 orl.
832 2800 905 2864 575.

285 2924 361 2990 180.
394 2921 453 2986 De
491 2922 727 3002 privilegio
766 2922 1001 2987 sententia.
1040 2923 1288 2989 Sententiatnm
1324 2933 1377 2992 est

180 3025 309 3091 civibus
334 3027 373 3090 de
398 3024 543 3106 Colonia,
567 3027 653 3105 quod
676 3045 794 3091 rasura
817 3026 852 3090 in
875 3026 946 3091 loco
964 3027 1113 3107 notabili,
1132 3047 1176 3092 sc.
1193 3029 1223 3092 si
1240 3030 1376 3096 verbum

130 3217 133 3222 Ι
179 3128 416 3195 affirmativum
427 3135 575 3194 mutetur
591 3129 625 3193 in
641 3130 836 3212 negativum
853 3131 907 3195 vel
924 3149 942 3194 e
959 3147 1130 3213 converso,
1150 3133 1201 3198 vel
1218 3132 1245 3197 si
1258 3152 1376 3200 nomen

180 3234 347 3315 proprium
364 3233 504 3315 alicujus
516 3234 580 3297 loci
595 3236 647 3298 vel
664 3253 835 3316 personae,
849 3235 883 3300 in
900 3253 965 3313 qua
978 3236 1029 3303 vis
1047 3237 1211 3318 consistit,
1228 3245 1377 3304 mutatur

180 3336 236 3404 vel
261 3337 290 3402 si
308 3354 464 3402 numerus
481 3355 626 3403 summac
643 3338 784 3422 alicujus
802 3339 963 3420 pecuniae
979 3347 1124 3423 augetur
1139 3341 1193 3406 vel
1209 3341 1377 3426 minuitur,

180 3441 235 3506 vel
259 3440 384 3520 aliquid
409 3440 534 3522 talium,
559 3443 645 3519 quod
661 3442 834 3506 materiam
851 3445 971 3525 variat,
987 3443 1022 3508 in
1037 3444 1213 3526 privilegio
1231 3446 1374 3522 commit·

180 3545 277 3610 titur:
314 3564 372 3625 per
402 3546 464 3610 hoc
490 3547 699 3627 privilegium
728 3547 875 3612 viciatur
902 3558 937 3613 et
960 3550 1108 3630 vigorem
1141 3549 1261 3629 perdit.
1295 3548 1375 3636 (74.)

286 3667 361 3734 181.
384 3667 425 3731 It.
450 3669 688 3733 sententiatum
713 3674 765 3734 cst
789 3671 923 3751 eisdem,
951 3673 1037 3748 quod
1061 3674 1217 3750 patentes
1240 3669 1375 3739 litterae

181 3772 320 3853 atcrgo
345 3770 514 3853 sigillatae
538 3779 572 3837 et
597 3773 772 3856 privilegia
796 3775 1000 3854 appensione
1031 3774 1214 3855 sigillorum
1243 3776 1376 3844 firmata

180 3875 330 3952 aequalis
355 3875 423 3939 sint
449 3874 582 3958 vigoris.
607 3875 687 3958 (75.)

284 3996 360 4063 182.
384 3995 425 4060 It.
450 3997 519 4060 Das
536 4015 607 4062 war
623 3998 742 4080 geteilt
760 4001 947 4065 czwischen
963 4000 1127 4065 Frenczel
1144 4002 1216 4066 dem
1233 4001 1377 4068 Kusatel

180 4100 247 4164 und
272 4100 345 4164 dem
368 4099 517 4179 Spitaler
540 4101 620 4182 hya:
645 4101 791 4167 Cucucht
814 4103 885 4167 sich
910 4104 964 4168 ein
986 4121 1062 4168 man
1079 4122 1120 4169 an
1137 4104 1191 4169 ein
1208 4106 1376 4189 hautvest,

179 4203 213 4267 di
236 4221 291 4285 pm
314 4203 408 4268 nicht
431 4204 630 4286 geschriben
654 4204 698 4269 ist
723 4225 751 4269 u.
775 4207 808 4270 di
831 4225 876 4288 yn
900 4207 994 4271 nicht
1025 4225 1068 4270 an
1097 4211 1202 4288 erbet,
1225 4211 1308 4274 ader
1342 4210 1376 4276 di

179 4326 234 4389 ym
256 4305 309 4372 fur
333 4308 439 4373 ciuem
473 4307 603 4389 gericht
637 4310 718 4372 ader
751 4311 804 4374 fur
838 4311 1006 4391 scheppen
1041 4310 1134 4375 nicht
1167 4310 1375 4395 anfgcgeben
