3275 5009
660 357 826 410 Bruneuses.
1269 420 1273 426 .
1288 351 1339 403 177

129 590 201 636 uon
226 569 384 653 perditur
406 586 467 634 nec
490 565 669 649 obtinetur,
692 565 752 633 sed
776 565 978 631 solummodo
998 564 1160 648 ,holung“
1178 567 1338 647 perditur.

131 677 212 760 Qua
255 675 432 742 emendata
466 673 502 738 in
540 688 644 737 causa
680 669 884 753 proceditur,
921 669 1011 735 sicut
1047 670 1089 735 de
1122 671 1199 753 jura
1235 670 1339 740 fuerit

130 780 398 864 procedendum,
433 777 605 844 dummodo
641 773 732 841 dicta
765 775 871 842 verba
908 791 950 840 ex
983 772 1200 854 simplicitate
1230 775 1337 859 profe·

131 890 263 952 rantur
300 887 335 948 et
371 880 610 960 indeliberate;
650 878 728 960 quia
764 878 794 944 si
834 896 876 957 ex
912 876 1098 960 pertinacia
1139 881 1338 946 contumaci·

129 987 220 1054 tatis
249 986 374 1053 luerint
397 986 538 1068 prolata,
562 985 652 1067 parti
667 983 910 1068 praejudicant,
925 981 1013 1048 sicut
1028 982 1057 1048 si
1071 982 1160 1049 forte
1175 983 1338 1052 derisorie

132 1111 194 1159 seu
215 1090 341 1160 frivole
356 1107 436 1172 pars
452 1107 511 1171 pro
528 1088 652 1154 debitis
667 1088 864 1171 impugnata
879 1086 986 1153 actori
1001 1086 1131 1153 diceret
1146 1085 1210 1152 ita:
1237 1089 1338 1172 ,Eme

130 1199 278 1264 bursam
301 1196 439 1261 novam“
464 1194 520 1262 vel
543 1192 669 1272 aliquid
691 1193 769 1258 tale.
793 1191 840 1257 Et
862 1190 1017 1258 similiter
1038 1191 1144 1257 verba
1166 1190 1201 1256 in
1221 1191 1339 1258 ultima

135 1300 308 1383 ,holung“
333 1298 475 1382 prolata,
495 1296 780 1378 qualitercumque
796 1293 1019 1376 proferantur,
1036 1313 1170 1362 causam
1185 1295 1338 1363 obtinent

131 1405 191 1471 vel
218 1404 392 1472 amittunt.

244 1561 320 1624 424.
336 1557 387 1622 Da
395 1557 510 1644 judico
525 1557 693 1642 adjudicio
710 1557 921 1622 hereditario.
948 1555 1029 1621 Cum
1047 1554 1083 1622 in
1098 1554 1180 1624 villa
1197 1559 1340 1637 quadam

131 1663 254 1750 judice
277 1661 481 1731 hereditario
503 1667 634 1730 mortuo
651 1661 802 1729 dominus
817 1661 919 1729 villae
934 1659 1086 1726 relictam
1098 1659 1230 1745 iudicis,
1246 1661 1339 1744 prole

132 1768 327 1836 masculina
357 1773 535 1852 carentem,
570 1771 614 1835 ad
645 1769 706 1834 hoc
748 1769 835 1852 quod
868 1765 1029 1848 judicium
1065 1767 1130 1834 sibi
1163 1771 1337 1852 venderet,

134 1872 340 1952 compellere
363 1871 538 1950 niteretur,
562 1878 598 1940 et
619 1872 679 1938 ulla
702 1872 804 1938 talem
827 1869 1054 1938 venditionem
1076 1869 1189 1939 facere
1220 1873 1340 1939 nollet:

136 1975 300 2057 praefixit
323 1976 355 2042 ei
377 1977 480 2043 talem
502 1977 679 2044 terminum
702 1973 969 2058 peremptorium,
992 1975 1027 2041 in
1051 1994 1114 2056 quo
1130 1976 1341 2060 judicialiter

136 2098 253 2147 secum
267 2083 470 2148 contendere
483 2082 630 2166 deberet,
643 2087 755 2148 utrum
771 2080 895 2147 dictam
911 2079 1136 2148 venditionem
1152 2082 1333 2149 secundum

136 2184 283 2252 formam
302 2183 457 2268 Justitiae
479 2190 594 2267 posset
623 2186 815 2252 reclamare.
847 2185 1061 2251 adveniente
1091 2186 1233 2252 termino
1265 2205 1339 2252 cum

138 2289 276 2367 relicta,
301 2289 388 2355 sicut
418 2296 536 2372 sponte
566 2308 603 2356 se
625 2292 788 2357 iacturam
819 2289 1027 2372 promiserat,
1056 2290 1091 2355 in
1117 2288 1244 2373 jndicio
1274 2309 1339 2357 non

139 2397 363 2476 compareret,
385 2410 448 2460 nec
470 2393 558 2460 infru
581 2412 726 2475 sequens
750 2394 898 2460 triduum
917 2411 1051 2459 cansam
1067 2394 1242 2460 absentiae
1258 2393 1339 2479 legi·

138 2495 221 2563 time
247 2499 458 2564 ostenderet:
491 2499 641 2566 dominus
672 2498 796 2581 petivit
829 2498 894 2564 sibi
925 2497 1177 2564 sententialiter
1209 2498 1341 2580 dictari,

139 2605 254 2668 utrum
279 2607 417 2685 propter
439 2604 626 2670 absentiam
651 2602 792 2668 relictae
815 2603 1051 2670 interminum
1080 2602 1340 2685 peremptorium

142 2705 365 2785 praeteritum
388 2724 454 2772 non
474 2712 566 2774 esset
587 2706 642 2789 jus
659 2724 752 2774 suum
768 2706 917 2774 finaliter
932 2712 1092 2774 executus
1108 2708 1201 2773 etde
1214 2706 1339 2791 judicio

142 2809 295 2892 relictae,
319 2811 486 2893 emptione
510 2818 675 2895 cessante,
698 2831 763 2878 non
788 2814 927 2879 deberet
948 2829 984 2878 se
1000 2811 1227 2877 intromittere
1243 2811 1339 2892 pleno

140 2913 1340 3000 jnre?Superquosententiatumfuit:Quodnonjndicium

144 3021 276 3103 atejus
302 3025 495 3104 proventus,
527 3023 568 3087 de
600 3021 721 3102 quibus
754 3021 908 3102 quaestio
941 3039 1007 3086 non
1039 3019 1114 3102 fuit,
1144 3020 1205 3084 sed
1236 3017 1342 3084 solum

143 3123 371 3188 venditionem
378 3123 499 3207 iudicii
510 3142 571 3207 per
582 3124 842 3210 relictamjuxta
854 3125 960 3206 ipsius
971 3122 1145 3190 arbitrium
1153 3122 1340 3188 faciendam

146 3223 295 3292 dominus
317 3227 483 3294 obtinebit
504 3229 577 3310 ipso
597 3231 683 3313 jure.
717 3229 815 3296 Unde
839 3230 919 3296 talis
942 3227 1146 3294 venditionis
1169 3232 1338 3306 tamquam

146 3329 325 3397 accessorii
348 3331 519 3414 quusdam
543 3333 771 3400 obtentiouem
794 3352 860 3400 non
877 3333 1029 3413 sequitur
1045 3331 1232 3414 principale
1250 3327 1339 3416 (pro-

147 3437 268 3501 ventus
291 3453 335 3501 sc.
353 3433 497 3522 judicii),
520 3435 584 3503 nisi
607 3438 698 3518 prius
722 3437 846 3518 emptio
862 3435 1074 3502 rationabilis
1090 3436 1293 3503 intercedat.

251 3591 325 3656 425.
350 3591 402 3656 Do
415 3592 547 3676 judicio
571 3603 724 3675 quactum
748 3596 792 3658 ad
802 3594 1088 3678 proscriptionem.
1114 3591 1193 3658 Cum
1210 3589 1243 3656 in
1259 3588 1339 3655 villa

151 3693 280 3769 quidam
311 3697 446 3780 juratus
476 3695 571 3763 dives
601 3697 750 3764 rusticus
780 3716 841 3780 pro
871 3695 1048 3764 homicidio
1076 3699 1168 3761 esset
1198 3693 1345 3776 proscri-

150 3793 283 3882 bendus,
306 3800 495 3879 quaesitum
518 3806 572 3868 est
594 3803 635 3868 ab
659 3803 774 3869 amicis
798 3803 878 3886 suis,
902 3808 1013 3869 utrum
1036 3802 1128 3866 ultra
1150 3817 1210 3865 sex
1238 3797 1345 3879 septi·

151 3913 270 3986 manas,
307 3902 428 3983 quibus
466 3918 654 3971 communes
692 3907 842 3974 homines
879 3903 1110 3989 proscribendi
1147 3902 1182 3968 in
1217 3901 1343 3986 judicio

154 4001 305 4090 citantm·,
328 4025 394 4074 non
417 4007 557 4074 deberet
583 4009 701 4077 merito
735 4012 843 4078 adhuc
876 4029 935 4092 per
965 4009 1113 4076 triduum
1146 4005 1346 4088 expectari?

154 4102 291 4188 Super
314 4128 394 4190 quo
418 4127 684 4193 responsum
707 4113 816 4180 fuit:
841 4114 937 4198 Quod
959 4110 1224 4194 injudiciisnon
1244 4109 1347 4175 aliter

148 4222 221 4278 oum
244 4213 406 4280 divitibus
440 4216 477 4280 et
506 4214 607 4283 aliter
641 4235 716 4283 cnm
750 4219 920 4303 mendicis,
954 4219 1014 4284 sed
1049 4214 1238 4296 aequaliter
1271 4230 1346 4278 cum

157 4317 299 4385 omnibus
322 4323 375 4386 est
398 4323 572 4407 agendum,
595 4341 668 4391 cum
691 4324 725 4391 in
746 4326 823 4408 lege
847 4323 962 4390 diuina
992 4321 1154 4404 scriptum
1177 4319 1239 4387 sit:
1272 4316 1350 4400 ,Ita

205 4452 278 4498 eoasx
287 4455 328 4505 jur.
343 4455 393 4497 oon.
406 4457 434 4502 ιι,
450 4463 468 4500 a.
1212 4440 1245 4492 12
