<?xml version="1.0" encoding="UTF-8"?>
<!DOCTYPE html PUBLIC "-//W3C//DTD XHTML 1.0 Transitional//EN"
    "http://www.w3.org/TR/xhtml1/DTD/xhtml1-transitional.dtd">
<html xmlns="http://www.w3.org/1999/xhtml" xml:lang="en" lang="en">
 <head>
  <title>
</title>
<meta http-equiv="Content-Type" content="text/html;charset=utf-8" />
  <meta name='ocr-system' content='tesseract 3.04.00' />
  <meta name='ocr-capabilities' content='ocr_page ocr_carea ocr_par ocr_line ocrx_word'/>
</head>
<body>
  <div class='ocr_page' id='page_1' title='image "./codexjurisbohem00unkngoog_0318.png"; bbox 0 0 3275 5009; ppageno 0'>
   <div class='ocr_carea' id='block_1_1' title="bbox 247 316 919 372">
    <p class='ocr_par' dir='ltr' id='par_1_1' title="bbox 247 316 919 372">
     <span class='ocr_line' id='line_1_1' title="bbox 247 316 919 372; baseline -0.004 0"><span class='ocrx_word' id='word_1_1' title='bbox 247 321 300 372; x_wconf 80' lang='lat'><strong>302</strong></span> <span class='ocrx_word' id='word_1_2' title='bbox 771 316 919 371; x_wconf 80' lang='lat' dir='ltr'><strong>Addendu:</strong></span> 
     </span>
    </p>
   </div>
   <div class='ocr_carea' id='block_1_2' title="bbox 202 524 1443 1235">
    <p class='ocr_par' dir='ltr' id='par_1_2' title="bbox 202 524 1443 1235">
     <span class='ocr_line' id='line_1_2' title="bbox 247 524 1438 609; baseline -0.003 -18"><span class='ocrx_word' id='word_1_3' title='bbox 247 527 432 608; x_wconf 81' lang='lat' dir='ltr'><strong>scheppen3</strong></span> <span class='ocrx_word' id='word_1_4' title='bbox 455 526 489 590; x_wconf 91' lang='lat' dir='ltr'><strong>di</strong></span> <span class='ocrx_word' id='word_1_5' title='bbox 512 527 581 592; x_wconf 85' lang='lat' dir='ltr'><strong>sint</strong></span> <span class='ocrx_word' id='word_1_6' title='bbox 604 526 797 609; x_wconf 86' lang='lat' dir='ltr'><strong>peyderseit</strong></span> <span class='ocrx_word' id='word_1_7' title='bbox 820 543 881 591; x_wconf 88' lang='lat' dir='ltr'><strong>czu</strong></span> <span class='ocrx_word' id='word_1_8' title='bbox 905 544 966 591; x_wconf 88' lang='lat' dir='ltr'><strong>uns</strong></span> <span class='ocrx_word' id='word_1_9' title='bbox 989 526 1108 590; x_wconf 82' lang='lat' dir='ltr'><strong>komen</strong></span> <span class='ocrx_word' id='word_1_10' title='bbox 1131 526 1199 590; x_wconf 89' lang='lat' dir='ltr'><strong>und</strong></span> <span class='ocrx_word' id='word_1_11' title='bbox 1225 524 1344 589; x_wconf 88' lang='lat' dir='ltr'><strong>ozihen</strong></span> <span class='ocrx_word' id='word_1_12' title='bbox 1367 524 1438 588; x_wconf 88' lang='lat' dir='ltr'><strong>sich</strong></span> 
     </span>
     <span class='ocr_line' id='line_1_3' title="bbox 202 626 1439 709; baseline -0.007 -10"><span class='ocrx_word' id='word_1_13' title='bbox 202 696 205 699; x_wconf 78' lang='grc'>,</span> <span class='ocrx_word' id='word_1_14' title='bbox 248 629 281 696; x_wconf 93' lang='lat' dir='ltr'><strong>di</strong></span> <span class='ocrx_word' id='word_1_15' title='bbox 304 630 403 697; x_wconf 90' lang='lat' dir='ltr'><strong>einen</strong></span> <span class='ocrx_word' id='word_1_16' title='bbox 425 648 468 695; x_wconf 90' lang='lat' dir='ltr'><strong>an</strong></span> <span class='ocrx_word' id='word_1_17' title='bbox 490 629 520 695; x_wconf 93' lang='lat' dir='ltr'><strong>ir</strong></span> <span class='ocrx_word' id='word_1_18' title='bbox 541 630 642 696; x_wconf 85' lang='lat' dir='ltr'><strong>brieff</strong></span> <span class='ocrx_word' id='word_1_19' title='bbox 660 633 727 696; x_wconf 91' lang='lat' dir='ltr'><strong>und</strong></span> <span class='ocrx_word' id='word_1_20' title='bbox 751 630 784 696; x_wconf 96' lang='lat' dir='ltr'><strong>di</strong></span> <span class='ocrx_word' id='word_1_21' title='bbox 807 633 935 695; x_wconf 90' lang='lat' dir='ltr'><strong>andern</strong></span> <span class='ocrx_word' id='word_1_22' title='bbox 965 648 1009 696; x_wconf 87' lang='lat' dir='ltr'><strong>an</strong></span> <span class='ocrx_word' id='word_1_23' title='bbox 1032 630 1066 694; x_wconf 95' lang='lat' dir='ltr'><strong>di</strong></span> <span class='ocrx_word' id='word_1_24' title='bbox 1088 629 1266 709; x_wconf 83' lang='lat' dir='ltr'><strong>scheppen.</strong></span> <span class='ocrx_word' id='word_1_25' title='bbox 1299 626 1350 691; x_wconf 90' lang='lat' dir='ltr'><strong>Nu</strong></span> <span class='ocrx_word' id='word_1_26' title='bbox 1374 627 1439 707; x_wconf 87' lang='lat' dir='ltr'><strong>pitt</strong></span> 
     </span>
     <span class='ocr_line' id='line_1_4' title="bbox 245 731 1438 817; baseline -0.006 -16"><span class='ocrx_word' id='word_1_27' title='bbox 245 738 308 801; x_wconf 89' lang='lat' dir='ltr'><strong>wir</strong></span> <span class='ocrx_word' id='word_1_28' title='bbox 330 735 423 816; x_wconf 91' lang='lat' dir='ltr'><strong>euch,</strong></span> <span class='ocrx_word' id='word_1_29' title='bbox 446 736 507 800; x_wconf 88' lang='lat' dir='ltr'><strong>das</strong></span> <span class='ocrx_word' id='word_1_30' title='bbox 529 734 560 799; x_wconf 90' lang='lat' dir='ltr'><strong>ir</strong></span> <span class='ocrx_word' id='word_1_31' title='bbox 582 753 644 800; x_wconf 86' lang='lat' dir='ltr'><strong>uns</strong></span> <span class='ocrx_word' id='word_1_32' title='bbox 676 735 772 817; x_wconf 94' lang='lat' dir='ltr'><strong>leret,</strong></span> <span class='ocrx_word' id='word_1_33' title='bbox 801 735 909 801; x_wconf 90' lang='lat' dir='ltr'><strong>welch</strong></span> <span class='ocrx_word' id='word_1_34' title='bbox 937 734 970 799; x_wconf 94' lang='lat' dir='ltr'><strong>di</strong></span> <span class='ocrx_word' id='word_1_35' title='bbox 997 737 1069 815; x_wconf 91' lang='lat' dir='ltr'><strong>pest</strong></span> <span class='ocrx_word' id='word_1_36' title='bbox 1102 731 1194 799; x_wconf 82' lang='lat' dir='ltr'><strong>kraft</strong></span> <span class='ocrx_word' id='word_1_37' title='bbox 1229 733 1338 797; x_wconf 89' lang='lat' dir='ltr'><strong>haben</strong></span> <span class='ocrx_word' id='word_1_38' title='bbox 1372 732 1438 797; x_wconf 92' lang='lat' dir='ltr'><strong>und</strong></span> 
     </span>
     <span class='ocr_line' id='line_1_5' title="bbox 249 835 1437 915; baseline -0.005 -11"><span class='ocrx_word' id='word_1_39' title='bbox 249 840 282 904; x_wconf 96' lang='lat' dir='ltr'><strong>di</strong></span> <span class='ocrx_word' id='word_1_40' title='bbox 317 843 430 903; x_wconf 88' lang='lat' dir='ltr'><strong>ersten</strong></span> <span class='ocrx_word' id='word_1_41' title='bbox 464 837 546 915; x_wconf 86' lang='lat' dir='ltr'><strong>sein,</strong></span> <span class='ocrx_word' id='word_1_42' title='bbox 580 856 677 904; x_wconf 89' lang='lat' dir='ltr'><strong>wenn</strong></span> <span class='ocrx_word' id='word_1_43' title='bbox 711 840 773 905; x_wconf 88' lang='lat' dir='ltr'><strong>wir</strong></span> <span class='ocrx_word' id='word_1_44' title='bbox 805 838 879 903; x_wconf 86' lang='lat' dir='ltr'><strong>sein</strong></span> <span class='ocrx_word' id='word_1_45' title='bbox 911 838 982 903; x_wconf 90' lang='lat' dir='ltr'><strong>selb</strong></span> <span class='ocrx_word' id='word_1_46' title='bbox 1014 838 1107 903; x_wconf 90' lang='lat' dir='ltr'><strong>nicht</strong></span> <span class='ocrx_word' id='word_1_47' title='bbox 1138 835 1261 902; x_wconf 82' lang='lat' dir='ltr'><strong>vindan</strong></span> <span class='ocrx_word' id='word_1_48' title='bbox 1295 837 1437 901; x_wconf 84' lang='lat' dir='ltr'><strong>kunen.“</strong></span> 
     </span>
     <span class='ocr_line' id='line_1_6' title="bbox 248 936 1443 1026; baseline -0.003 -19"><span class='ocrx_word' id='word_1_49' title='bbox 248 943 299 1007; x_wconf 91' lang='lat' dir='ltr'><strong>Do</strong></span> <span class='ocrx_word' id='word_1_50' title='bbox 322 948 409 1008; x_wconf 87' lang='lat' dir='ltr'><strong>wart</strong></span> <span class='ocrx_word' id='word_1_51' title='bbox 432 943 551 1026; x_wconf 91' lang='lat' dir='ltr'><strong>geteilt</strong></span> <span class='ocrx_word' id='word_1_52' title='bbox 574 962 635 1009; x_wconf 83' lang='lat' dir='ltr'><strong>cau</strong></span> <span class='ocrx_word' id='word_1_53' title='bbox 658 944 764 1009; x_wconf 91' lang='lat' dir='ltr'><strong>einem</strong></span> <span class='ocrx_word' id='word_1_54' title='bbox 788 944 936 1024; x_wconf 81' lang='lat' dir='ltr'><strong>rechten,</strong></span> <span class='ocrx_word' id='word_1_55' title='bbox 967 945 1026 1017; x_wconf 85' lang='lat' dir='ltr'><strong>das</strong></span> <span class='ocrx_word' id='word_1_56' title='bbox 1050 942 1085 1007; x_wconf 90' lang='lat' dir='ltr'><strong>di</strong></span> <span class='ocrx_word' id='word_1_57' title='bbox 1107 940 1168 1005; x_wconf 90' lang='lat' dir='ltr'><strong>mit</strong></span> <span class='ocrx_word' id='word_1_58' title='bbox 1190 943 1250 1006; x_wconf 91' lang='lat' dir='ltr'><strong>der</strong></span> <span class='ocrx_word' id='word_1_59' title='bbox 1274 936 1443 1021; x_wconf 86' lang='lat' dir='ltr'><strong>statprieff</strong></span> 
     </span>
     <span class='ocr_line' id='line_1_7' title="bbox 249 1045 1440 1127; baseline -0.004 -16"><span class='ocrx_word' id='word_1_60' title='bbox 249 1048 283 1112; x_wconf 91' lang='lat' dir='ltr'><strong>di</strong></span> <span class='ocrx_word' id='word_1_61' title='bbox 302 1052 416 1112; x_wconf 89' lang='lat' dir='ltr'><strong>ersten</strong></span> <span class='ocrx_word' id='word_1_62' title='bbox 432 1046 504 1111; x_wconf 90' lang='lat' dir='ltr'><strong>sein</strong></span> <span class='ocrx_word' id='word_1_63' title='bbox 520 1048 587 1112; x_wconf 92' lang='lat' dir='ltr'><strong>und</strong></span> <span class='ocrx_word' id='word_1_64' title='bbox 603 1047 752 1111; x_wconf 89' lang='lat' dir='ltr'><strong>darnoch</strong></span> <span class='ocrx_word' id='word_1_65' title='bbox 769 1046 801 1111; x_wconf 94' lang='lat' dir='ltr'><strong>di</strong></span> <span class='ocrx_word' id='word_1_66' title='bbox 817 1047 878 1113; x_wconf 88' lang='lat' dir='ltr'><strong>rnit</strong></span> <span class='ocrx_word' id='word_1_67' title='bbox 892 1047 1062 1127; x_wconf 88' lang='lat' dir='ltr'><strong>soheppen</strong></span> <span class='ocrx_word' id='word_1_68' title='bbox 1079 1046 1109 1110; x_wconf 96' lang='lat' dir='ltr'><strong>ir</strong></span> <span class='ocrx_word' id='word_1_69' title='bbox 1125 1045 1235 1111; x_wconf 87' lang='lat' dir='ltr'><strong>schult</strong></span> <span class='ocrx_word' id='word_1_70' title='bbox 1253 1046 1440 1125; x_wconf 85' lang='lat' dir='ltr'><strong>beweysen,</strong></span> 
     </span>
     <span class='ocr_line' id='line_1_8' title="bbox 249 1149 781 1235; baseline -0.006 -17"><span class='ocrx_word' id='word_1_71' title='bbox 249 1152 283 1218; x_wconf 90' lang='lat' dir='ltr'><strong>di</strong></span> <span class='ocrx_word' id='word_1_72' title='bbox 306 1169 455 1235; x_wconf 80' lang='lat' dir='ltr'><strong>genysen</strong></span> <span class='ocrx_word' id='word_1_73' title='bbox 479 1152 537 1216; x_wconf 88' lang='lat' dir='ltr'><strong>des</strong></span> <span class='ocrx_word' id='word_1_74' title='bbox 561 1152 654 1216; x_wconf 89' lang='lat' dir='ltr'><strong>auch.</strong></span> <span class='ocrx_word' id='word_1_75' title='bbox 678 1149 781 1234; x_wconf 75' lang='lat'>(235.)</span> 
     </span>
    </p>
   </div>
   <div class='ocr_carea' id='block_1_3' title="bbox 718 1323 972 1389">
    <p class='ocr_par' dir='ltr' id='par_1_3' title="bbox 718 1323 972 1389">
     <span class='ocr_line' id='line_1_9' title="bbox 718 1323 972 1389; baseline -0.012 0"><span class='ocrx_word' id='word_1_76' title='bbox 718 1325 795 1389; x_wconf 78' lang='lat' dir='ltr'><strong>Post</strong></span> <span class='ocrx_word' id='word_1_77' title='bbox 817 1328 877 1389; x_wconf 83' lang='lat' dir='ltr'><strong>art.</strong></span> <span class='ocrx_word' id='word_1_78' title='bbox 898 1323 972 1387; x_wconf 71' lang='lat'><em>207.</em></span> 
     </span>
    </p>
   </div>
   <div class='ocr_carea' id='block_1_4' title="bbox 177 1460 1442 1758">
    <p class='ocr_par' dir='ltr' id='par_1_4' title="bbox 177 1460 1442 1758">
     <span class='ocr_line' id='line_1_10' title="bbox 353 1460 1440 1545; baseline -0.008 -13"><span class='ocrx_word' id='word_1_79' title='bbox 353 1468 407 1532; x_wconf 81' lang='grc'><strong>511.</strong></span> <span class='ocrx_word' id='word_1_80' title='bbox 431 1466 515 1529; x_wconf 84' lang='lat' dir='ltr'><strong>Von</strong></span> <span class='ocrx_word' id='word_1_81' title='bbox 539 1464 751 1545; x_wconf 89' lang='lat' dir='ltr'><strong>ansprach</strong></span> <span class='ocrx_word' id='word_1_82' title='bbox 775 1465 864 1528; x_wconf 89' lang='lat' dir='ltr'><strong>umb</strong></span> <span class='ocrx_word' id='word_1_83' title='bbox 890 1463 1047 1530; x_wconf 89' lang='lat' dir='ltr'><strong>erbteil</strong></span> <span class='ocrx_word' id='word_1_84' title='bbox 1073 1470 1135 1528; x_wconf 92' lang='lat' dir='ltr'><strong>etc.</strong></span> <span class='ocrx_word' id='word_1_85' title='bbox 1159 1462 1318 1527; x_wconf 85' lang='lat' dir='ltr'><strong>Albertus</strong></span> <span class='ocrx_word' id='word_1_86' title='bbox 1342 1460 1440 1524; x_wconf 89' lang='lat' dir='ltr'><strong>Boni·</strong></span> 
     </span>
     <span class='ocr_line' id='line_1_11' title="bbox 251 1562 1441 1649; baseline -0.007 -13"><span class='ocrx_word' id='word_1_87' title='bbox 251 1570 392 1638; x_wconf 87' lang='lat' dir='ltr'><strong>Ortwiui</strong></span> <span class='ocrx_word' id='word_1_88' title='bbox 408 1568 637 1649; x_wconf 87' lang='lat' dir='ltr'><strong>quaestionem</strong></span> <span class='ocrx_word' id='word_1_89' title='bbox 652 1568 757 1636; x_wconf 86' lang='lat' dir='ltr'><strong>movit</strong></span> <span class='ocrx_word' id='word_1_90' title='bbox 771 1562 974 1634; x_wconf 86' lang='grc'><strong>1001111110</strong></span> <span class='ocrx_word' id='word_1_91' title='bbox 988 1566 1138 1649; x_wconf 85' lang='lat' dir='ltr'><strong>Dymudi,</strong></span> <span class='ocrx_word' id='word_1_92' title='bbox 1151 1566 1289 1631; x_wconf 85' lang='lat' dir='ltr'><strong>relictae</strong></span> <span class='ocrx_word' id='word_1_93' title='bbox 1303 1564 1441 1629; x_wconf 85' lang='lat' dir='ltr'><strong>Martini</strong></span> 
     </span>
     <span class='ocr_line' id='line_1_12' title="bbox 177 1670 1442 1758; baseline -0.011 -13"><span class='ocrx_word' id='word_1_94' title='bbox 177 1742 180 1745; x_wconf 78' lang='grc'><em>,</em></span> <span class='ocrx_word' id='word_1_95' title='bbox 250 1678 291 1741; x_wconf 90' lang='lat' dir='ltr'><strong>de</strong></span> <span class='ocrx_word' id='word_1_96' title='bbox 319 1675 439 1758; x_wconf 81' lang='lat' dir='ltr'><strong>Poma,</strong></span> <span class='ocrx_word' id='word_1_97' title='bbox 473 1693 532 1754; x_wconf 93' lang='lat' dir='ltr'><strong>pro</strong></span> <span class='ocrx_word' id='word_1_98' title='bbox 567 1674 720 1754; x_wconf 87' lang='lat' dir='ltr'><strong>partibus</strong></span> <span class='ocrx_word' id='word_1_99' title='bbox 755 1672 969 1738; x_wconf 82' lang='lat' dir='ltr'>hereditariis</span> <span class='ocrx_word' id='word_1_100' title='bbox 1003 1690 1083 1737; x_wconf 88' lang='lat' dir='ltr'><strong>suae</strong></span> <span class='ocrx_word' id='word_1_101' title='bbox 1115 1670 1239 1753; x_wconf 85' lang='lat' dir='ltr'><strong>uxoris,</strong></span> <span class='ocrx_word' id='word_1_102' title='bbox 1274 1670 1442 1733; x_wconf 89' lang='lat' dir='ltr'><strong>deducens</strong></span> 
     </span>
    </p>
   </div>
   <div class='ocr_carea' id='block_1_5' title="bbox 154 1771 1442 1858">
    <p class='ocr_par' dir='ltr' id='par_1_5' title="bbox 154 1771 1442 1858">
     <span class='ocr_line' id='line_1_13' title="bbox 154 1771 1442 1858; baseline -0.009 -12"><span class='ocrx_word' id='word_1_103' title='bbox 154 1853 156 1858; x_wconf 17' lang='lat'>³</span> <span class='ocrx_word' id='word_1_104' title='bbox 250 1798 342 1845; x_wconf 89' lang='lat' dir='ltr'><strong>suam</strong></span> <span class='ocrx_word' id='word_1_105' title='bbox 372 1778 608 1858; x_wconf 87' lang='lat' dir='ltr'><strong>querimoniam</strong></span> <span class='ocrx_word' id='word_1_106' title='bbox 643 1779 686 1842; x_wconf 91' lang='lat' dir='ltr'><strong>ad</strong></span> <span class='ocrx_word' id='word_1_107' title='bbox 716 1778 847 1858; x_wconf 84' lang='lat' dir='ltr'><strong>jnratos</strong></span> <span class='ocrx_word' id='word_1_108' title='bbox 882 1778 973 1858; x_wconf 80' lang='grc'><strong>11101,</strong></span> <span class='ocrx_word' id='word_1_109' title='bbox 1007 1777 1086 1855; x_wconf 83' lang='lat' dir='ltr'><strong>quia</strong></span> <span class='ocrx_word' id='word_1_110' title='bbox 1119 1778 1192 1855; x_wconf 90' lang='lat' dir='ltr'><strong>ipsa</strong></span> <span class='ocrx_word' id='word_1_111' title='bbox 1226 1776 1256 1839; x_wconf 94' lang='lat' dir='ltr'><strong>d.</strong></span> <span class='ocrx_word' id='word_1_112' title='bbox 1280 1771 1442 1855; x_wconf 83' lang='lat' dir='ltr'><strong>Dymudis</strong></span> 
     </span>
    </p>
   </div>
   <div class='ocr_carea' id='block_1_6' title="bbox 218 1878 1444 2798">
    <p class='ocr_par' dir='ltr' id='par_1_6' title="bbox 218 1878 1444 2798">
     <span class='ocr_line' id='line_1_14' title="bbox 249 1878 1442 1967; baseline -0.008 -18"><span class='ocrx_word' id='word_1_113' title='bbox 249 1889 364 1967; x_wconf 87' lang='lat' dir='ltr'><strong>partes</strong></span> <span class='ocrx_word' id='word_1_114' title='bbox 389 1885 521 1949; x_wconf 90' lang='lat' dir='ltr'><strong>easdem</strong></span> <span class='ocrx_word' id='word_1_115' title='bbox 545 1880 639 1947; x_wconf 85' lang='lat' dir='ltr'><strong>uxori</strong></span> <span class='ocrx_word' id='word_1_116' title='bbox 663 1900 744 1946; x_wconf 91' lang='lat' dir='ltr'><strong>suae</strong></span> <span class='ocrx_word' id='word_1_117' title='bbox 760 1883 802 1946; x_wconf 91' lang='lat' dir='ltr'><strong>ab</strong></span> <span class='ocrx_word' id='word_1_118' title='bbox 819 1881 1092 1962; x_wconf 85' lang='lat' dir='ltr'><strong>impetitionibus,</strong></span> <span class='ocrx_word' id='word_1_119' title='bbox 1108 1898 1191 1959; x_wconf 89' lang='lat' dir='ltr'><strong>quas</strong></span> <span class='ocrx_word' id='word_1_120' title='bbox 1207 1878 1294 1944; x_wconf 90' lang='lat' dir='ltr'><strong>aliae</strong></span> <span class='ocrx_word' id='word_1_121' title='bbox 1310 1892 1442 1942; x_wconf 88' lang='lat' dir='ltr'><strong>sorores</strong></span> 
     </span>
     <span class='ocr_line' id='line_1_15' title="bbox 218 1982 1443 2073; baseline -0.008 -19"><span class='ocrx_word' id='word_1_122' title='bbox 218 2013 220 2017; x_wconf 92' lang='lat'>·</span> <span class='ocrx_word' id='word_1_123' title='bbox 249 1992 322 2073; x_wconf 86' lang='lat' dir='ltr'><strong>ejus</strong></span> <span class='ocrx_word' id='word_1_124' title='bbox 356 1988 420 2053; x_wconf 89' lang='lat' dir='ltr'><strong>sibi</strong></span> <span class='ocrx_word' id='word_1_125' title='bbox 452 1986 614 2070; x_wconf 77' lang='lat' dir='ltr'><strong>fecerant,</strong></span> <span class='ocrx_word' id='word_1_126' title='bbox 648 2005 758 2051; x_wconf 90' lang='lat' dir='ltr'><strong>coram</strong></span> <span class='ocrx_word' id='word_1_127' title='bbox 788 1985 914 2068; x_wconf 79' lang='lat' dir='ltr'><strong>J&#39;udicio</strong></span> <span class='ocrx_word' id='word_1_128' title='bbox 948 1983 1131 2051; x_wconf 87' lang='lat' dir='ltr'><strong>obtinuerit</strong></span> <span class='ocrx_word' id='word_1_129' title='bbox 1165 1989 1311 2063; x_wconf 88' lang='lat' dir='ltr'><strong>actuato,</strong></span> <span class='ocrx_word' id='word_1_130' title='bbox 1343 1982 1443 2062; x_wconf 90' lang='lat' dir='ltr'><strong>prout</strong></span> 
     </span>
     <span class='ocr_line' id='line_1_16' title="bbox 249 2086 1442 2174; baseline -0.006 -17"><span class='ocrx_word' id='word_1_131' title='bbox 249 2111 309 2173; x_wconf 92' lang='lat' dir='ltr'><strong>per</strong></span> <span class='ocrx_word' id='word_1_132' title='bbox 332 2093 464 2157; x_wconf 89' lang='lat' dir='ltr'><strong>eosdem</strong></span> <span class='ocrx_word' id='word_1_133' title='bbox 491 2093 573 2156; x_wconf 89' lang='lat' dir='ltr'><strong>duos</strong></span> <span class='ocrx_word' id='word_1_134' title='bbox 599 2092 730 2174; x_wconf 88' lang='lat' dir='ltr'><strong>juratos</strong></span> <span class='ocrx_word' id='word_1_135' title='bbox 764 2108 801 2154; x_wconf 89' lang='grc'><strong>10</strong></span> <span class='ocrx_word' id='word_1_136' title='bbox 832 2088 954 2153; x_wconf 88' lang='lat' dir='ltr'><strong>obtulit</strong></span> <span class='ocrx_word' id='word_1_137' title='bbox 989 2092 1212 2170; x_wconf 86' lang='lat' dir='ltr'><strong>probaturum.</strong></span> <span class='ocrx_word' id='word_1_138' title='bbox 1246 2086 1326 2167; x_wconf 87' lang='lat' dir='ltr'><strong>Ipsa</strong></span> <span class='ocrx_word' id='word_1_139' title='bbox 1361 2103 1442 2151; x_wconf 81' lang='lat' dir='ltr'><strong>uero</strong></span> 
     </span>
     <span class='ocr_line' id='line_1_17' title="bbox 249 2189 1443 2279; baseline -0.008 -16"><span class='ocrx_word' id='word_1_140' title='bbox 249 2198 381 2263; x_wconf 90' lang='lat' dir='ltr'><strong>domina</strong></span> <span class='ocrx_word' id='word_1_141' title='bbox 404 2196 566 2279; x_wconf 87' lang='lat' dir='ltr'><strong>Dymudis</strong></span> <span class='ocrx_word' id='word_1_142' title='bbox 594 2194 775 2276; x_wconf 89' lang='lat' dir='ltr'><strong>respondit,</strong></span> <span class='ocrx_word' id='word_1_143' title='bbox 809 2194 896 2272; x_wconf 86' lang='lat' dir='ltr'><strong>quod</strong></span> <span class='ocrx_word' id='word_1_144' title='bbox 930 2190 1095 2257; x_wconf 88' lang='lat' dir='ltr'><strong>Martinus</strong></span> <span class='ocrx_word' id='word_1_145' title='bbox 1130 2192 1267 2257; x_wconf 89' lang='lat' dir='ltr'><strong>maritus</strong></span> <span class='ocrx_word' id='word_1_146' title='bbox 1302 2192 1373 2274; x_wconf 89' lang='lat' dir='ltr'><strong>ejus</strong></span> <span class='ocrx_word' id='word_1_147' title='bbox 1409 2189 1443 2253; x_wconf 92' lang='lat' dir='ltr'><strong>in</strong></span> 
     </span>
     <span class='ocr_line' id='line_1_18' title="bbox 250 2274 1443 2380; baseline -0.008 -13"><span class='ocrx_word' id='word_1_148' title='bbox 250 2302 320 2367; x_wconf 89' lang='lat' dir='ltr'><strong>suis</strong></span> <span class='ocrx_word' id='word_1_149' title='bbox 344 2300 501 2365; x_wconf 86' lang='lat' dir='ltr'><strong>extremis</strong></span> <span class='ocrx_word' id='word_1_150' title='bbox 526 2299 634 2363; x_wconf 90' lang='lat' dir='ltr'><strong>omnia</strong></span> <span class='ocrx_word' id='word_1_151' title='bbox 656 2299 751 2380; x_wconf 90' lang='lat' dir='ltr'><strong>bona,</strong></span> <span class='ocrx_word' id='word_1_152' title='bbox 775 2315 860 2376; x_wconf 88' lang='lat' dir='ltr'><strong>quae</strong></span> <span class='ocrx_word' id='word_1_153' title='bbox 883 2296 1075 2379; x_wconf 89' lang='lat' dir='ltr'><strong>reliquerat,</strong></span> <span class='ocrx_word' id='word_1_154' title='bbox 1107 2295 1172 2361; x_wconf 87' lang='lat' dir='ltr'><strong>sibi</strong></span> <span class='ocrx_word' id='word_1_155' title='bbox 1201 2274 1353 2360; x_wconf 86' lang='lat' dir='ltr'><strong>absolute</strong></span> <span class='ocrx_word' id='word_1_156' title='bbox 1382 2311 1443 2373; x_wconf 88' lang='lat' dir='ltr'><strong>per</strong></span> 
     </span>
     <span class='ocr_line' id='line_1_19' title="bbox 249 2398 1442 2484; baseline -0.008 -13"><span class='ocrx_word' id='word_1_157' title='bbox 249 2407 338 2471; x_wconf 92' lang='lat' dir='ltr'><strong>hunc</strong></span> <span class='ocrx_word' id='word_1_158' title='bbox 360 2407 490 2469; x_wconf 92' lang='lat' dir='ltr'><strong>modum</strong></span> <span class='ocrx_word' id='word_1_159' title='bbox 514 2404 737 2484; x_wconf 85' lang='lat' dir='ltr'><strong>deputaverit,</strong></span> <span class='ocrx_word' id='word_1_160' title='bbox 761 2404 848 2481; x_wconf 90' lang='lat' dir='ltr'><strong>quod</strong></span> <span class='ocrx_word' id='word_1_161' title='bbox 870 2401 905 2465; x_wconf 90' lang='lat' dir='ltr'><strong>iu</strong></span> <span class='ocrx_word' id='word_1_162' title='bbox 928 2399 1102 2467; x_wconf 89' lang='lat' dir='ltr'><strong>voluntate</strong></span> <span class='ocrx_word' id='word_1_163' title='bbox 1134 2406 1169 2465; x_wconf 94' lang='lat' dir='ltr'><strong>et</strong></span> <span class='ocrx_word' id='word_1_164' title='bbox 1197 2398 1336 2465; x_wconf 86' lang='lat' dir='ltr'><strong>arbitrio</strong></span> <span class='ocrx_word' id='word_1_165' title='bbox 1370 2400 1442 2482; x_wconf 87' lang='lat' dir='ltr'><strong>ejus</strong></span> 
     </span>
     <span class='ocr_line' id='line_1_20' title="bbox 249 2501 1444 2592; baseline -0.007 -18"><span class='ocrx_word' id='word_1_166' title='bbox 249 2510 370 2592; x_wconf 82' lang='lat' dir='ltr'><strong>posuit,</strong></span> <span class='ocrx_word' id='word_1_167' title='bbox 393 2508 472 2588; x_wconf 90' lang='lat' dir='ltr'><strong>quid</strong></span> <span class='ocrx_word' id='word_1_168' title='bbox 496 2514 530 2573; x_wconf 92' lang='lat' dir='ltr'><strong>et</strong></span> <span class='ocrx_word' id='word_1_169' title='bbox 554 2514 711 2587; x_wconf 89' lang='lat' dir='ltr'><strong>quantum</strong></span> <span class='ocrx_word' id='word_1_170' title='bbox 735 2506 911 2584; x_wconf 87' lang='lat' dir='ltr'><strong>unicuique</strong></span> <span class='ocrx_word' id='word_1_171' title='bbox 928 2524 1032 2586; x_wconf 92' lang='lat' dir='ltr'><strong>puero</strong></span> <span class='ocrx_word' id='word_1_172' title='bbox 1047 2507 1128 2570; x_wconf 90' lang='lat' dir='ltr'><strong>dare</strong></span> <span class='ocrx_word' id='word_1_173' title='bbox 1146 2504 1257 2585; x_wconf 87' lang='lat' dir='ltr'><strong>vellet,</strong></span> <span class='ocrx_word' id='word_1_174' title='bbox 1273 2501 1444 2586; x_wconf 68' lang='lat' dir='ltr'><strong>adjiciens</strong></span> 
     </span>
     <span class='ocr_line' id='line_1_21' title="bbox 251 2606 1443 2695; baseline -0.008 -16"><span class='ocrx_word' id='word_1_175' title='bbox 251 2616 338 2695; x_wconf 90' lang='lat' dir='ltr'><strong>quod</strong></span> <span class='ocrx_word' id='word_1_176' title='bbox 361 2614 422 2677; x_wconf 92' lang='lat' dir='ltr'><strong>hoc</strong></span> <span class='ocrx_word' id='word_1_177' title='bbox 447 2612 637 2677; x_wconf 89' lang='lat' dir='ltr'><strong>testimonio</strong></span> <span class='ocrx_word' id='word_1_178' title='bbox 660 2612 835 2691; x_wconf 89' lang='lat' dir='ltr'><strong>proborum</strong></span> <span class='ocrx_word' id='word_1_179' title='bbox 860 2611 1014 2691; x_wconf 87' lang='lat' dir='ltr'><strong>virorum,</strong></span> <span class='ocrx_word' id='word_1_180' title='bbox 1038 2609 1093 2689; x_wconf 88' lang='lat' dir='ltr'><strong>qui</strong></span> <span class='ocrx_word' id='word_1_181' title='bbox 1116 2613 1319 2675; x_wconf 87' lang='lat' dir='ltr'><strong>testamento</strong></span> <span class='ocrx_word' id='word_1_182' title='bbox 1339 2606 1443 2688; x_wconf 86' lang='lat' dir='ltr'><strong>ipsius</strong></span> 
     </span>
     <span class='ocr_line' id='line_1_22' title="bbox 250 2715 1265 2798; baseline -0.008 -14"><span class='ocrx_word' id='word_1_183' title='bbox 250 2718 476 2798; x_wconf 85' lang='lat' dir='ltr'><strong>interfuerint,</strong></span> <span class='ocrx_word' id='word_1_184' title='bbox 500 2716 706 2781; x_wconf 86' lang='lat' dir='ltr'><strong>sufficienter</strong></span> <span class='ocrx_word' id='word_1_185' title='bbox 729 2715 833 2780; x_wconf 89' lang='lat' dir='ltr'><strong>vellet</strong></span> <span class='ocrx_word' id='word_1_186' title='bbox 857 2716 1034 2779; x_wconf 87' lang='lat' dir='ltr'><strong>ostendere</strong></span> <span class='ocrx_word' id='word_1_187' title='bbox 1057 2719 1091 2779; x_wconf 93' lang='lat' dir='ltr'><strong>et</strong></span> <span class='ocrx_word' id='word_1_188' title='bbox 1115 2715 1265 2794; x_wconf 90' lang='lat' dir='ltr'><strong>probare.</strong></span> 
     </span>
    </p>
   </div>
   <div class='ocr_carea' id='block_1_7' title="bbox 247 2831 1450 4380">
    <p class='ocr_par' dir='ltr' id='par_1_7' title="bbox 247 2831 1445 3129">
     <span class='ocr_line' id='line_1_23' title="bbox 356 2831 1445 2919; baseline -0.007 -16"><span class='ocrx_word' id='word_1_189' title='bbox 356 2840 490 2919; x_wconf 86' lang='lat' dir='ltr'><strong>Super</strong></span> <span class='ocrx_word' id='word_1_190' title='bbox 513 2855 588 2917; x_wconf 88' lang='lat' dir='ltr'><strong>quo</strong></span> <span class='ocrx_word' id='word_1_191' title='bbox 617 2836 935 2902; x_wconf 87' lang='lat' dir='ltr'><strong>sententiatum</strong></span> <span class='ocrx_word' id='word_1_192' title='bbox 959 2834 1064 2900; x_wconf 90' lang='lat' dir='ltr'><strong>fuit:</strong></span> <span class='ocrx_word' id='word_1_193' title='bbox 1099 2833 1193 2917; x_wconf 75' lang='lat' dir='ltr'><strong>Quod</strong></span> <span class='ocrx_word' id='word_1_194' title='bbox 1219 2831 1445 2899; x_wconf 87' lang='lat' dir='ltr'><strong>testimonium</strong></span> 
     </span>
     <span class='ocr_line' id='line_1_24' title="bbox 247 2937 1444 3028; baseline -0.007 -19"><span class='ocrx_word' id='word_1_195' title='bbox 247 2946 434 3028; x_wconf 86' lang='lat' dir='ltr'><strong>juratorum</strong></span> <span class='ocrx_word' id='word_1_196' title='bbox 473 2948 640 3022; x_wconf 84' lang='lat' dir='ltr'><strong>tamquam</strong></span> <span class='ocrx_word' id='word_1_197' title='bbox 677 2940 847 3006; x_wconf 86' lang='lat' dir='ltr'><strong>efficacius</strong></span> <span class='ocrx_word' id='word_1_198' title='bbox 887 2959 985 3019; x_wconf 89' lang='lat' dir='ltr'><strong>quam</strong></span> <span class='ocrx_word' id='word_1_199' title='bbox 1019 2937 1350 3005; x_wconf 86' lang='lat' dir='ltr'><strong>testamentariorum</strong></span> <span class='ocrx_word' id='word_1_200' title='bbox 1385 2954 1444 3017; x_wconf 92' lang='lat' dir='ltr'><strong>pro</strong></span> 
     </span>
     <span class='ocr_line' id='line_1_25' title="bbox 251 3044 1111 3129; baseline -0.007 -16"><span class='ocrx_word' id='word_1_201' title='bbox 251 3054 348 3129; x_wconf 85' lang='lat' dir='ltr'><strong>parte</strong></span> <span class='ocrx_word' id='word_1_202' title='bbox 371 3048 504 3114; x_wconf 89' lang='lat' dir='ltr'><strong>Alberti</strong></span> <span class='ocrx_word' id='word_1_203' title='bbox 526 3047 637 3128; x_wconf 89' lang='lat' dir='ltr'><strong>potius</strong></span> <span class='ocrx_word' id='word_1_204' title='bbox 660 3048 761 3111; x_wconf 92' lang='lat' dir='ltr'><strong>debet</strong></span> <span class='ocrx_word' id='word_1_205' title='bbox 784 3044 890 3125; x_wconf 86' lang='lat' dir='ltr'><strong>recipi</strong></span> <span class='ocrx_word' id='word_1_206' title='bbox 913 3050 948 3109; x_wconf 91' lang='lat' dir='ltr'><strong>et</strong></span> <span class='ocrx_word' id='word_1_207' title='bbox 970 3044 1111 3109; x_wconf 80' lang='lat' dir='ltr'><strong>admitti.</strong></span> 
     </span>
    </p>

    <p class='ocr_par' dir='ltr' id='par_1_8' title="bbox 251 3147 1450 4380">
     <span class='ocr_line' id='line_1_26' title="bbox 356 3147 1446 3231; baseline -0.006 -14"><span class='ocrx_word' id='word_1_208' title='bbox 356 3153 554 3217; x_wconf 87' lang='lat' dir='ltr'><strong>Praedictus</strong></span> <span class='ocrx_word' id='word_1_209' title='bbox 577 3152 748 3231; x_wconf 86' lang='lat' dir='ltr'><strong>Albertus,</strong></span> <span class='ocrx_word' id='word_1_210' title='bbox 781 3154 955 3231; x_wconf 89' lang='lat' dir='ltr'><strong>postquam</strong></span> <span class='ocrx_word' id='word_1_211' title='bbox 990 3150 1129 3229; x_wconf 88' lang='lat' dir='ltr'><strong>Annam,</strong></span> <span class='ocrx_word' id='word_1_212' title='bbox 1165 3147 1308 3228; x_wconf 90' lang='lat' dir='ltr'><strong>puellam</strong></span> <span class='ocrx_word' id='word_1_213' title='bbox 1342 3164 1446 3211; x_wconf 87' lang='lat' dir='ltr'><strong>annos</strong></span> 
     </span>
     <span class='ocr_line' id='line_1_27' title="bbox 251 3249 1446 3339; baseline -0.007 -17"><span class='ocrx_word' id='word_1_214' title='bbox 251 3257 380 3322; x_wconf 90' lang='lat' dir='ltr'><strong>nubiles</strong></span> <span class='ocrx_word' id='word_1_215' title='bbox 392 3258 459 3339; x_wconf 89' lang='lat' dir='ltr'><strong>jam</strong></span> <span class='ocrx_word' id='word_1_216' title='bbox 476 3258 663 3336; x_wconf 86' lang='lat' dir='ltr'><strong>habentem,</strong></span> <span class='ocrx_word' id='word_1_217' title='bbox 678 3255 779 3320; x_wconf 89' lang='lat' dir='ltr'><strong>liliam</strong></span> <span class='ocrx_word' id='word_1_218' title='bbox 794 3254 948 3319; x_wconf 90' lang='lat' dir='ltr'><strong>dominae</strong></span> <span class='ocrx_word' id='word_1_219' title='bbox 964 3253 994 3317; x_wconf 94' lang='lat' dir='ltr'>D</span> <span class='ocrx_word' id='word_1_220' title='bbox 997 3252 1135 3334; x_wconf 77' lang='lat' dir='ltr'><strong>ymudiS,</strong></span> <span class='ocrx_word' id='word_1_221' title='bbox 1151 3250 1291 3315; x_wconf 86' lang='lat' dir='ltr'><strong>relictae</strong></span> <span class='ocrx_word' id='word_1_222' title='bbox 1305 3249 1446 3315; x_wconf 89' lang='lat' dir='ltr'><strong>Martini</strong></span> 
     </span>
     <span class='ocr_line' id='line_1_28' title="bbox 252 3349 1448 3441; baseline -0.006 -15"><span class='ocrx_word' id='word_1_223' title='bbox 252 3363 294 3426; x_wconf 92' lang='lat' dir='ltr'><strong>de</strong></span> <span class='ocrx_word' id='word_1_224' title='bbox 317 3360 429 3441; x_wconf 89' lang='lat' dir='ltr'><strong>Polua,</strong></span> <span class='ocrx_word' id='word_1_225' title='bbox 456 3349 568 3423; x_wconf 89' lang='lat' dir='ltr'><strong>matre</strong></span> <span class='ocrx_word' id='word_1_226' title='bbox 592 3359 699 3425; x_wconf 87' lang='lat' dir='ltr'><strong>inscia</strong></span> <span class='ocrx_word' id='word_1_227' title='bbox 729 3366 763 3423; x_wconf 93' lang='lat' dir='ltr'><strong>et</strong></span> <span class='ocrx_word' id='word_1_228' title='bbox 794 3360 864 3441; x_wconf 88' lang='lat' dir='ltr'><strong>ejus</strong></span> <span class='ocrx_word' id='word_1_229' title='bbox 899 3376 1063 3423; x_wconf 86' lang='lat' dir='ltr'><strong>consensu</strong></span> <span class='ocrx_word' id='word_1_230' title='bbox 1098 3376 1137 3420; x_wconf 91' lang='lat' dir='ltr'><strong>ac</strong></span> <span class='ocrx_word' id='word_1_231' title='bbox 1171 3355 1346 3419; x_wconf 88' lang='lat' dir='ltr'><strong>voluntate</strong></span> <span class='ocrx_word' id='word_1_232' title='bbox 1380 3372 1448 3419; x_wconf 93' lang='lat' dir='ltr'><strong>non</strong></span> 
     </span>
     <span class='ocr_line' id='line_1_29' title="bbox 254 3462 1446 3546; baseline -0.007 -17"><span class='ocrx_word' id='word_1_233' title='bbox 254 3466 402 3546; x_wconf 89' lang='lat' dir='ltr'><strong>obtenta,</strong></span> <span class='ocrx_word' id='word_1_234' title='bbox 425 3462 555 3529; x_wconf 91' lang='lat' dir='ltr'><strong>occulte</strong></span> <span class='ocrx_word' id='word_1_235' title='bbox 579 3463 613 3527; x_wconf 91' lang='lat' dir='ltr'><strong>in</strong></span> <span class='ocrx_word' id='word_1_236' title='bbox 635 3481 769 3527; x_wconf 85' lang='lat' dir='ltr'><strong>uxorem</strong></span> <span class='ocrx_word' id='word_1_237' title='bbox 795 3463 947 3527; x_wconf 82' lang='lat' dir='ltr'><strong>duxisset</strong></span> <span class='ocrx_word' id='word_1_238' title='bbox 970 3462 1160 3543; x_wconf 81' lang='lat' dir='ltr'><strong>legitimam,</strong></span> <span class='ocrx_word' id='word_1_239' title='bbox 1190 3477 1318 3524; x_wconf 88' lang='lat' dir='ltr'><strong>socrum</strong></span> <span class='ocrx_word' id='word_1_240' title='bbox 1350 3474 1446 3522; x_wconf 89' lang='lat' dir='ltr'><strong>suam</strong></span> 
     </span>
     <span class='ocr_line' id='line_1_30' title="bbox 254 3560 1448 3650; baseline -0.006 -18"><span class='ocrx_word' id='word_1_241' title='bbox 254 3567 469 3650; x_wconf 88' lang='lat' dir='ltr'><strong>praedictam,</strong></span> <span class='ocrx_word' id='word_1_242' title='bbox 508 3586 552 3633; x_wconf 90' lang='lat' dir='ltr'><strong>so.</strong></span> <span class='ocrx_word' id='word_1_243' title='bbox 588 3566 750 3631; x_wconf 91' lang='lat' dir='ltr'><strong>dominam</strong></span> <span class='ocrx_word' id='word_1_244' title='bbox 783 3566 977 3647; x_wconf 90' lang='lat' dir='ltr'><strong>Dymudem,</strong></span> <span class='ocrx_word' id='word_1_245' title='bbox 1014 3583 1073 3645; x_wconf 91' lang='lat' dir='ltr'><strong>pro</strong></span> <span class='ocrx_word' id='word_1_246' title='bbox 1110 3569 1206 3645; x_wconf 89' lang='lat' dir='ltr'><strong>parte</strong></span> <span class='ocrx_word' id='word_1_247' title='bbox 1240 3560 1448 3627; x_wconf 89' lang='lat' dir='ltr'><strong>hereditaria</strong></span> 
     </span>
     <span class='ocr_line' id='line_1_31' title="bbox 253 3663 1448 3749; baseline -0.008 -12"><span class='ocrx_word' id='word_1_248' title='bbox 253 3690 389 3737; x_wconf 88' lang='lat' dir='ltr'><strong>uxorem</strong></span> <span class='ocrx_word' id='word_1_249' title='bbox 413 3689 506 3735; x_wconf 87' lang='lat' dir='ltr'><strong>suam</strong></span> <span class='ocrx_word' id='word_1_250' title='bbox 529 3671 657 3736; x_wconf 85' lang='lat' dir='ltr'><strong>Annam</strong></span> <span class='ocrx_word' id='word_1_251' title='bbox 689 3669 876 3749; x_wconf 90' lang='lat' dir='ltr'><strong>praefatam</strong></span> <span class='ocrx_word' id='word_1_252' title='bbox 899 3688 941 3734; x_wconf 84' lang='lat' dir='ltr'><strong>ex</strong></span> <span class='ocrx_word' id='word_1_253' title='bbox 964 3669 1056 3734; x_wconf 86' lang='lat' dir='ltr'><strong>obitu</strong></span> <span class='ocrx_word' id='word_1_254' title='bbox 1087 3665 1195 3748; x_wconf 90' lang='lat' dir='ltr'><strong>patris</strong></span> <span class='ocrx_word' id='word_1_255' title='bbox 1225 3666 1277 3731; x_wconf 87' lang='lat' dir='ltr'><strong>sui</strong></span> <span class='ocrx_word' id='word_1_256' title='bbox 1308 3663 1448 3729; x_wconf 88' lang='lat' dir='ltr'><strong>Martini</strong></span> 
     </span>
     <span class='ocr_line' id='line_1_32' title="bbox 253 3768 1449 3857; baseline -0.008 -16"><span class='ocrx_word' id='word_1_257' title='bbox 253 3776 405 3841; x_wconf 83' lang='lat' dir='ltr'><strong>inbonis</strong></span> <span class='ocrx_word' id='word_1_258' title='bbox 429 3793 489 3856; x_wconf 91' lang='lat' dir='ltr'><strong>per</strong></span> <span class='ocrx_word' id='word_1_259' title='bbox 512 3793 584 3839; x_wconf 93' lang='lat' dir='ltr'><strong>eum</strong></span> <span class='ocrx_word' id='word_1_260' title='bbox 608 3774 736 3839; x_wconf 88' lang='lat' dir='ltr'><strong>relictis</strong></span> <span class='ocrx_word' id='word_1_261' title='bbox 772 3773 1028 3857; x_wconf 83' lang='lat' dir='ltr'><strong>contingentem,</strong></span> <span class='ocrx_word' id='word_1_262' title='bbox 1056 3774 1090 3837; x_wconf 92' lang='lat' dir='ltr'><strong>in</strong></span> <span class='ocrx_word' id='word_1_263' title='bbox 1113 3790 1248 3837; x_wconf 87' lang='lat' dir='ltr'><strong>causam</strong></span> <span class='ocrx_word' id='word_1_264' title='bbox 1281 3768 1389 3835; x_wconf 83' lang='lat' dir='ltr'><strong>traxit</strong></span> <span class='ocrx_word' id='word_1_265' title='bbox 1412 3771 1449 3832; x_wconf 92' lang='lat' dir='ltr'><strong>et</strong></span> 
     </span>
     <span class='ocr_line' id='line_1_33' title="bbox 251 3871 1449 3966; baseline -0.008 -21"><span class='ocrx_word' id='word_1_266' title='bbox 251 3879 375 3966; x_wconf 87' lang='lat' dir='ltr'><strong>judicio</strong></span> <span class='ocrx_word' id='word_1_267' title='bbox 400 3880 564 3943; x_wconf 90' lang='lat' dir='ltr'><strong>convenit.</strong></span> <span class='ocrx_word' id='word_1_268' title='bbox 586 3878 666 3959; x_wconf 86' lang='lat' dir='ltr'><strong>Ipsa</strong></span> <span class='ocrx_word' id='word_1_269' title='bbox 689 3894 818 3956; x_wconf 90' lang='lat' dir='ltr'><strong>quoque</strong></span> <span class='ocrx_word' id='word_1_270' title='bbox 842 3879 872 3941; x_wconf 89' lang='lat' dir='ltr'><strong>d.</strong></span> <span class='ocrx_word' id='word_1_271' title='bbox 889 3877 1050 3958; x_wconf 89' lang='lat' dir='ltr'><strong>Dymudis</strong></span> <span class='ocrx_word' id='word_1_272' title='bbox 1068 3896 1125 3957; x_wconf 93' lang='lat' dir='ltr'><strong>pro</strong></span> <span class='ocrx_word' id='word_1_273' title='bbox 1143 3894 1179 3941; x_wconf 91' lang='grc'><strong>10</strong></span> <span class='ocrx_word' id='word_1_274' title='bbox 1194 3874 1230 3940; x_wconf 87' lang='grc'><strong>11</strong></span> <span class='ocrx_word' id='word_1_275' title='bbox 1245 3871 1449 3940; x_wconf 89' lang='lat' dir='ltr'><strong>contrarium</strong></span> 
     </span>
     <span class='ocr_line' id='line_1_34' title="bbox 253 3980 1449 4066; baseline -0.006 -18"><span class='ocrx_word' id='word_1_276' title='bbox 253 3983 433 4066; x_wconf 82' lang='lat' dir='ltr'><strong>allegante,</strong></span> <span class='ocrx_word' id='word_1_277' title='bbox 464 3984 550 4062; x_wconf 92' lang='lat' dir='ltr'><strong>quod</strong></span> <span class='ocrx_word' id='word_1_278' title='bbox 580 3981 648 4047; x_wconf 90' lang='lat' dir='ltr'><strong>filia</strong></span> <span class='ocrx_word' id='word_1_279' title='bbox 681 4000 743 4047; x_wconf 92' lang='lat' dir='ltr'><strong>sua</strong></span> <span class='ocrx_word' id='word_1_280' title='bbox 778 3983 876 4045; x_wconf 88' lang='lat' dir='ltr'><strong>Anna</strong></span> <span class='ocrx_word' id='word_1_281' title='bbox 911 3989 1027 4047; x_wconf 89' lang='lat' dir='ltr'><strong>contra</strong></span> <span class='ocrx_word' id='word_1_282' title='bbox 1051 3981 1257 4046; x_wconf 90' lang='lat' dir='ltr'><strong>voluntatem</strong></span> <span class='ocrx_word' id='word_1_283' title='bbox 1281 3980 1362 4061; x_wconf 88' lang='lat' dir='ltr'><strong>ejus,</strong></span> <span class='ocrx_word' id='word_1_284' title='bbox 1385 3995 1449 4042; x_wconf 90' lang='lat' dir='ltr'><strong>nec</strong></span> 
     </span>
     <span class='ocr_line' id='line_1_35' title="bbox 254 4082 1449 4169; baseline -0.007 -16"><span class='ocrx_word' id='word_1_285' title='bbox 254 4087 360 4169; x_wconf 91' lang='lat' dir='ltr'><strong>petito</strong></span> <span class='ocrx_word' id='word_1_286' title='bbox 383 4105 445 4152; x_wconf 90' lang='lat' dir='ltr'><strong>nec</strong></span> <span class='ocrx_word' id='word_1_287' title='bbox 469 4089 605 4153; x_wconf 90' lang='lat' dir='ltr'><strong>obtento</strong></span> <span class='ocrx_word' id='word_1_288' title='bbox 629 4085 699 4166; x_wconf 90' lang='lat' dir='ltr'><strong>ejus</strong></span> <span class='ocrx_word' id='word_1_289' title='bbox 723 4090 897 4168; x_wconf 87' lang='lat' dir='ltr'><strong>consensu,</strong></span> <span class='ocrx_word' id='word_1_290' title='bbox 922 4088 1048 4151; x_wconf 89' lang='lat' dir='ltr'><strong>domum</strong></span> <span class='ocrx_word' id='word_1_291' title='bbox 1072 4103 1165 4149; x_wconf 87' lang='lat' dir='ltr'><strong>suam</strong></span> <span class='ocrx_word' id='word_1_292' title='bbox 1185 4082 1299 4149; x_wconf 86' lang='lat' dir='ltr'><strong>exiens</strong></span> <span class='ocrx_word' id='word_1_293' title='bbox 1315 4083 1449 4147; x_wconf 89' lang='lat' dir='ltr'><strong>occulte</strong></span> 
     </span>
     <span class='ocr_line' id='line_1_36' title="bbox 253 4186 1450 4272; baseline -0.004 -16"><span class='ocrx_word' id='word_1_294' title='bbox 253 4191 393 4256; x_wconf 84' lang='lat' dir='ltr'><strong>Alberto</strong></span> <span class='ocrx_word' id='word_1_295' title='bbox 433 4210 469 4256; x_wconf 90' lang='lat' dir='ltr'><strong>se</strong></span> <span class='ocrx_word' id='word_1_296' title='bbox 506 4190 694 4272; x_wconf 89' lang='lat' dir='ltr'><strong>promiserit</strong></span> <span class='ocrx_word' id='word_1_297' title='bbox 731 4190 1022 4256; x_wconf 86' lang='lat' dir='ltr'><strong>matrimonialiter</strong></span> <span class='ocrx_word' id='word_1_298' title='bbox 1059 4186 1208 4269; x_wconf 88' lang='lat' dir='ltr'><strong>copulari</strong></span> <span class='ocrx_word' id='word_1_299' title='bbox 1242 4192 1276 4253; x_wconf 90' lang='lat' dir='ltr'><strong>et</strong></span> <span class='ocrx_word' id='word_1_300' title='bbox 1310 4204 1352 4252; x_wconf 85' lang='lat' dir='ltr'><strong>ex</strong></span> <span class='ocrx_word' id='word_1_301' title='bbox 1385 4188 1450 4251; x_wconf 91' lang='lat' dir='ltr'><strong>hoc</strong></span> 
     </span>
     <span class='ocr_line' id='line_1_37' title="bbox 252 4293 1184 4380; baseline -0.003 -21"><span class='ocrx_word' id='word_1_302' title='bbox 252 4296 407 4380; x_wconf 88' lang='lat' dir='ltr'><strong>partibus</strong></span> <span class='ocrx_word' id='word_1_303' title='bbox 432 4296 501 4361; x_wconf 88' lang='lat' dir='ltr'><strong>suis</strong></span> <span class='ocrx_word' id='word_1_304' title='bbox 524 4293 737 4359; x_wconf 90' lang='lat' dir='ltr'><strong>hereditariis</strong></span> <span class='ocrx_word' id='word_1_305' title='bbox 761 4296 884 4360; x_wconf 89' lang='lat' dir='ltr'><strong>debeat</strong></span> <span class='ocrx_word' id='word_1_306' title='bbox 908 4296 1025 4360; x_wconf 92' lang='lat' dir='ltr'><strong>merito</strong></span> <span class='ocrx_word' id='word_1_307' title='bbox 1048 4293 1184 4374; x_wconf 84' lang='lat' dir='ltr'><strong>privari.</strong></span> 
     </span>
    </p>
   </div>
   <div class='ocr_carea' id='block_1_8' title="bbox 0 0 1651 5009">
    <p class='ocr_par' dir='ltr' id='par_1_9' title="bbox 0 0 1651 5009">
     <span class='ocr_line' id='line_1_38' title="bbox 0 0 1651 5009; baseline 0 0"><span class='ocrx_word' id='word_1_308' title='bbox 0 0 1651 5009; x_wconf 95' lang='lat' dir='ltr'><strong> </strong></span> 
     </span>
    </p>
   </div>
  </div>
 </body>
</html>
