3275 5009
350 563 402 628 36.
425 562 475 625 De
499 563 681 625 actionibus
704 563 931 648 raiiyioeorum
954 575 984 627 et
1002 563 1240 627 claustralium.
1268 563 1349 631 (lum
1363 564 1440 630 reli-

247 669 359 750 giosus
397 668 550 749 praelato
588 666 767 752 subjectus,
805 687 868 736 nac
906 687 1080 750 possessor
1117 668 1345 752 proprietatis,
1379 686 1441 735 nec

37 765 58 858 tf
83 777 85 780 ’
167 839 168 842 ,
246 771 400 854 propriae
424 790 484 838 seu
505 772 633 840 liberae
656 773 702 838 sit
724 773 926 840 voluntatis:
954 774 1025 840 sine
1049 773 1182 840 abbatis
1206 778 1242 840 et
1257 773 1440 858 superioris

89 899 93 906 ’
246 876 298 942 sui
330 875 468 942 licentia
498 878 541 942 ad
571 879 734 962 agendum
770 880 810 944 de
845 877 1112 959 possessionibus
1143 896 1219 970 non
1239 876 1440 959 admittitor,

245 997 317 1061 rpso
340 998 422 1046 rure.

761 353 925 408 Sententiae

349 1129 401 1194 37.
425 1128 475 1190 Da
499 1109 636 1192 cottam
653 1130 832 1210 homicidii,
860 1133 914 1192 cmi
941 1132 1053 1215 potius
1081 1140 1241 1214 competat
1263 1151 1356 1212 apere
1377 1149 1440 1212 pro

246 1233 427 1315 homicidio,
460 1233 560 1295 macri
591 1231 642 1296 oei
672 1235 794 1318 pueris,
828 1235 956 1317 quondo
990 1235 1188 1300 discordant.
1228 1231 1441 1319 Querimoniu

246 1355 422 1421 puerorum
446 1342 499 1403 est
522 1356 624 1419 snper
646 1338 811 1405 occisione
835 1338 941 1420 patris
965 1338 1186 1421 praeferenda
1216 1338 1440 1420 querimoniae

29 1513 32 1522 ,
246 1443 360 1509 uxoris
383 1445 425 1508 de
448 1442 613 1510 occisione
644 1443 772 1523 mariti;
804 1445 892 1510 unde
924 1445 1012 1510 actio
1043 1462 1220 1526 puerorum
1250 1448 1302 1509 est
1331 1443 1442 1524 potior

135 1633 137 1636 Ι
246 1547 379 1614 actione
402 1547 524 1614 uxoris.
550 1547 668 1614 Potest
691 1548 779 1613 enim
793 1567 876 1614 uxor
892 1548 992 1615 aliurn
1008 1549 1172 1630 maritum,
1186 1548 1215 1613 si
1231 1549 1313 1631 vult,
1328 1564 1441 1628 super·

32 1635 45 1678 ²
247 1655 378 1734 ducere,
401 1652 496 1734 pueri
519 1670 599 1718 vero
623 1652 723 1718 alium
747 1655 874 1734 petrem
900 1671 965 1719 non
987 1653 1167 1720 habebunt.
1191 1652 1274 1717 Nam
1297 1649 1441 1717 relativa

245 1755 356 1838 posita
380 1774 415 1821 se
439 1761 574 1838 ponunt,
598 1762 633 1821 et
657 1761 831 1840 perempta
854 1775 891 1824 se
914 1757 1089 1839 perimunt,
1109 1776 1150 1823 ax
1166 1756 1284 1840 regula
1298 1752 1441 1838 logicali.

350 1914 401 1976 38.
439 1913 490 1976 Dc
520 1923 628 1976 uctorc
659 1923 689 1975 et
718 1935 783 1996 reo,
806 1915 1069 1996 fideiussor-ibas,
1095 1918 1223 1997 poenis,
1250 1909 1389 1975 uerrendis
1412 1919 1443 1973 et

246 2015 323 2080 otiis
355 2014 485 2080 casibus
517 2017 655 2080 dirersis
687 2018 774 2079 circo
806 2017 1014 2080 homicidium
1045 2015 1312 2100 contiapcotibuc.
1344 2015 1442 2082 Circa

245 2122 313 2188 ista
344 2121 468 2203 triplex
492 2119 701 2187 diffinitionis
725 2119 900 2186 distinctio
925 2124 977 2186 est
999 2121 1168 2203 ponenda:
1199 2118 1442 2202 Fideiussores,

247 2234 423 2307 postquam
439 2243 516 2291 reus
533 2227 568 2291 in
584 2243 685 2292 causa
707 2225 869 2292 ceciderit-
885 2231 921 2291 et
936 2223 1061 2292 furtive
1077 2225 1236 2307 ajudicio
1253 2223 1442 2306 recesserit,

247 2331 289 2396 ad
335 2332 507 2396 emendam
544 2331 574 2395 L
608 2331 812 2396 talentorum
852 2334 951 2414 (qnae
986 2329 1088 2396 XXX
1122 2349 1252 2398 marcas
1288 2327 1441 2413 faciunt),

247 2451 384 2513 quarum
409 2452 487 2517 pars
504 2453 569 2498 una
581 2432 697 2516 judici,
721 2436 869 2499 secunda
892 2435 1009 2512 actori,
1028 2435 1133 2500 tertia
1156 2434 1287 2501 civitati
1310 2436 1441 2516 cedunt,

247 2537 447 2621 obligantur,
491 2538 579 2604 sicut
616 2538 650 2603 in
688 2538 828 2604 Jnribus
866 2538 1091 2623 Originalibes
1137 2539 1442 2621 comprehenditur,

247 2647 282 2708 et
309 2655 374 2708 non
396 2643 576 2722 privantur
599 2643 774 2726 capitibus,
798 2643 888 2709 sicut
912 2643 1134 2726 effugientem,
1158 2645 1187 2710 si
1211 2645 1439 2727 deprehensus

247 2745 358 2830 luerit,
382 2747 492 2830 capite
517 2747 643 2829 privari
666 2750 775 2825 debet,
799 2749 871 2829 ipso
894 2750 978 2832 jure.
1001 2748 1097 2815 Unde
1122 2747 1151 2813 si
1170 2749 1290 2830 aliquis
1307 2766 1348 2813 ax
1364 2746 1441 2812 fidei

248 2851 375 2931 pietate
405 2869 464 2917 seu
494 2852 723 2934 compassione
746 2872 806 2933 pro
830 2854 905 2935 alio,
933 2854 990 2933 qni
1013 2855 1053 2918 de
1077 2871 1218 2918 excessu
1247 2851 1440 2931 inculpatur

247 2957 387 3038 mortali,
410 2955 627 3039 fidejusserit:
651 2959 753 3023 talem
780 2958 1007 3041 fidejmsorem
1032 2975 1072 3023 ex
1095 2957 1176 3040 fuga
1202 2953 1342 3021 alterius
1367 2955 1439 3022 vita

250 3059 376 3141 privari
398 3061 508 3142 magis·
529 3068 582 3126 est
606 3062 749 3144 crudele,
776 3081 874 3142 quam
893 3061 1029 3142 justum.

352 3161 438 3228 Item
462 3183 548 3248 reus,
571 3166 627 3246 qui
650 3184 692 3231 ex
714 3165 921 3250 negligentia
941 3165 1064 3248 jndieis
1087 3171 1123 3232 et
1145 3167 1280 3245 actoris,
1305 3163 1383 3244 quia
1405 3162 1442 3228 in

249 3267 334 3332 bona
357 3266 464 3348 ipsum
487 3287 553 3334 non
576 3270 762 3337 habuerunt
786 3270 949 3353 custodia,
961 3270 1122 3352 jndicium
1138 3269 1331 3349 declinavit,
1346 3270 1441 3334 abso·

248 3372 339 3438 lutus
363 3378 416 3437 est
438 3391 458 3438 a
478 3373 590 3459 judice
615 3381 649 3440 et
672 3382 804 3454 actore,
831 3380 989 3455 quantum
1014 3376 1100 3440 enim
1123 3373 1158 3439 in
1181 3392 1219 3439 ao
1243 3370 1317 3455 iuit,
1344 3372 1442 3438 fidem

249 3495 314 3542 non
338 3475 449 3561 fregit.
473 3479 556 3544 Nam
580 3479 724 3561 captivo,
747 3486 784 3544 ut
806 3478 908 3543 vitam
925 3476 1045 3559 salvet,
1060 3477 1186 3544 licitum
1202 3483 1257 3543 est
1272 3493 1442 3544 carcerem

250 3586 285 3648 et
308 3582 442 3648 vincula
465 3585 617 3665 evadere,
641 3584 670 3648 si
694 3589 815 3666 potest.
847 3583 927 3649 Cum
950 3582 1051 3648 etiarn
1076 3581 1294 3664 vigilantibus
1317 3587 1352 3646 at
1375 3598 1441 3646 non

250 3686 491 3752 dormientibus
521 3689 596 3769 jura
627 3689 839 3769 subveniant,
871 3687 1031 3768 quidquid
1062 3685 1256 3751 detrimenti
1281 3684 1384 3766 judex
1407 3689 1442 3749 et

249 3797 344 3856 actor
368 3809 409 3856 ex
432 3790 512 3874 fuga
535 3791 585 3856 rei
608 3793 742 3874 habent,
773 3812 854 3859 suae
887 3794 1011 3858 debent
1041 3790 1309 3872 inprovidentiae
1339 3789 1442 3870 impu·

249 3901 332 3962 tare.
368 3895 415 3960 Et
442 3895 587 3978 insuper,
619 3916 691 3963 cum
714 3899 928 3982 fidejussores
953 3915 1011 3976 pro
1035 3914 1092 3961 reo
1115 3893 1259 3978 fugitivo
1278 3892 1385 3974 judici
1407 3897 1442 3958 et

249 4000 356 4066 actori
381 3999 618 4086 satisfecerint,
643 4019 708 4068 non
731 4007 823 4067 esset
847 4001 1059 4084 conveniens,
1082 4002 1170 4080 quod
1198 3999 1270 4079 ipse
1301 4015 1377 4063 reus
1399 3999 1442 4063 ad

250 4102 514 4170 satisfactionem
550 4106 779 4172 secundariam
814 4112 996 4173 teneretur.
1032 4105 1126 4171 Sicut
1160 4103 1247 4170 enim
1282 4099 1442 4167 Dominus

48 4201 51 4208 ’
157 4271 158 4274 ,
250 4207 351 4290 Deua,
376 4208 433 4289 qui
456 4217 510 4275 est
528 4209 631 4292 judex
650 4210 866 4293 justissimus,
889 4228 954 4275 non
978 4210 1074 4290 punit
1093 4209 1146 4274 bis
1161 4209 1196 4273 in
1212 4209 1247 4274 id
1263 4207 1379 4287 ipsum,
1393 4204 1442 4270 sio

246 4313 349 4395 judex
365 4313 561 4394 temporalis
578 4315 677 4376 debet
695 4314 807 4380 faeere
829 4333 890 4378 sno
914 4315 1017 4379 modo.
1042 4314 1187 4393 Propter
1209 4311 1308 4376 istam
1332 4315 1442 4374 tamen
