<?xml version="1.0" encoding="UTF-8"?>
<!DOCTYPE html PUBLIC "-//W3C//DTD XHTML 1.0 Transitional//EN"
    "http://www.w3.org/TR/xhtml1/DTD/xhtml1-transitional.dtd">
<html xmlns="http://www.w3.org/1999/xhtml" xml:lang="en" lang="en">
 <head>
  <title>
</title>
<meta http-equiv="Content-Type" content="text/html;charset=utf-8" />
  <meta name='ocr-system' content='tesseract 3.04.00' />
  <meta name='ocr-capabilities' content='ocr_page ocr_carea ocr_par ocr_line ocrx_word'/>
</head>
<body>
  <div class='ocr_page' id='page_1' title='image "./codexjurisbohem00unkngoog_0201.png"; bbox 0 0 3275 5009; ppageno 0'>
   <div class='ocr_carea' id='block_1_1' title="bbox 672 345 1357 403">
    <p class='ocr_par' dir='ltr' id='par_1_1' title="bbox 672 345 1357 403">
     <span class='ocr_line' id='line_1_1' title="bbox 672 345 1357 403; baseline 0.006 -5"><span class='ocrx_word' id='word_1_1' title='bbox 672 345 839 400; x_wconf 85' lang='lat' dir='ltr'>Bruuenses.</span> <span class='ocrx_word' id='word_1_2' title='bbox 1305 348 1357 403; x_wconf 83' lang='lat'>185</span> 
     </span>
    </p>
   </div>
   <div class='ocr_carea' id='block_1_2' title="bbox 148 553 1357 850">
    <p class='ocr_par' dir='ltr' id='par_1_2' title="bbox 148 553 1357 850">
     <span class='ocr_line' id='line_1_2' title="bbox 261 553 1357 640; baseline 0.003 -20"><span class='ocrx_word' id='word_1_3' title='bbox 261 553 356 638; x_wconf 84' lang='lat' dir='ltr'>item,</span> <span class='ocrx_word' id='word_1_4' title='bbox 389 554 592 624; x_wconf 85' lang='lat' dir='ltr'>christianus</span> <span class='ocrx_word' id='word_1_5' title='bbox 627 561 808 622; x_wconf 88' lang='lat' dir='ltr'>accusatus</span> <span class='ocrx_word' id='word_1_6' title='bbox 840 573 900 639; x_wconf 93' lang='lat' dir='ltr'>per</span> <span class='ocrx_word' id='word_1_7' title='bbox 926 556 1095 640; x_wconf 84' lang='lat' dir='ltr'>judaeum,</span> <span class='ocrx_word' id='word_1_8' title='bbox 1128 559 1216 637; x_wconf 87' lang='lat' dir='ltr'>quod</span> <span class='ocrx_word' id='word_1_9' title='bbox 1247 556 1357 638; x_wconf 91' lang='lat' dir='ltr'>ipsum</span> 
     </span>
     <span class='ocr_line' id='line_1_3' title="bbox 148 658 1357 742; baseline 0.002 -15"><span class='ocrx_word' id='word_1_10' title='bbox 148 658 359 742; x_wconf 84' lang='lat' dir='ltr'>uulnerauit,</span> <span class='ocrx_word' id='word_1_11' title='bbox 383 677 443 742; x_wconf 92' lang='lat' dir='ltr'>per</span> <span class='ocrx_word' id='word_1_12' title='bbox 465 665 573 726; x_wconf 87' lang='lat' dir='ltr'>tostos</span> <span class='ocrx_word' id='word_1_13' title='bbox 597 659 734 726; x_wconf 88' lang='lat' dir='ltr'>idoneos</span> <span class='ocrx_word' id='word_1_14' title='bbox 758 659 961 727; x_wconf 84' lang='lat' dir='ltr'>christianos</span> <span class='ocrx_word' id='word_1_15' title='bbox 984 659 1103 726; x_wconf 89' lang='lat' dir='ltr'>meiius</span> <span class='ocrx_word' id='word_1_16' title='bbox 1127 664 1240 742; x_wconf 89' lang='lat' dir='ltr'>potest</span> <span class='ocrx_word' id='word_1_17' title='bbox 1262 662 1357 729; x_wconf 91' lang='lat' dir='ltr'>inno·</span> 
     </span>
     <span class='ocr_line' id='line_1_4' title="bbox 148 763 1312 850; baseline 0.003 -22"><span class='ocrx_word' id='word_1_18' title='bbox 148 763 304 830; x_wconf 77' lang='lat' dir='ltr'>centiam</span> <span class='ocrx_word' id='word_1_19' title='bbox 326 781 420 830; x_wconf 86' lang='lat' dir='ltr'>suam</span> <span class='ocrx_word' id='word_1_20' title='bbox 443 766 630 849; x_wconf 79' lang='lat' dir='ltr'>ostendere,</span> <span class='ocrx_word' id='word_1_21' title='bbox 656 783 754 846; x_wconf 84' lang='lat' dir='ltr'>quam</span> <span class='ocrx_word' id='word_1_22' title='bbox 773 765 917 850; x_wconf 86' lang='lat' dir='ltr'>judaeus</span> <span class='ocrx_word' id='word_1_23' title='bbox 940 783 1013 832; x_wconf 91' lang='lat' dir='ltr'>eum</span> <span class='ocrx_word' id='word_1_24' title='bbox 1037 765 1174 832; x_wconf 89' lang='lat' dir='ltr'>vincere</span> <span class='ocrx_word' id='word_1_25' title='bbox 1198 766 1312 847; x_wconf 79' lang='lat' dir='ltr'><strong>possit.</strong></span> 
     </span>
    </p>
   </div>
   <div class='ocr_carea' id='block_1_3' title="bbox 147 920 1357 1422">
    <p class='ocr_par' dir='ltr' id='par_1_3' title="bbox 147 920 1357 1422">
     <span class='ocr_line' id='line_1_5' title="bbox 260 920 1356 1006; baseline 0.006 -25"><span class='ocrx_word' id='word_1_26' title='bbox 260 921 334 986; x_wconf 78' lang='lat'><em>438.</em></span> <span class='ocrx_word' id='word_1_27' title='bbox 365 921 415 984; x_wconf 87' lang='lat' dir='ltr'>De</span> <span class='ocrx_word' id='word_1_28' title='bbox 434 921 569 1006; x_wconf 74' lang='lat' dir='ltr'>judaeis</span> <span class='ocrx_word' id='word_1_29' title='bbox 598 930 752 1004; x_wconf 75' lang='lat' dir='ltr'>quantana</span> <span class='ocrx_word' id='word_1_30' title='bbox 783 925 828 984; x_wconf 84' lang='lat' dir='ltr'>od</span> <span class='ocrx_word' id='word_1_31' title='bbox 853 922 1010 1006; x_wconf 66' lang='lat' dir='ltr'>pignora.</span> <span class='ocrx_word' id='word_1_32' title='bbox 1040 920 1194 988; x_wconf 75' lang='lat' dir='ltr'>iudaeus</span> <span class='ocrx_word' id='word_1_33' title='bbox 1224 926 1356 988; x_wconf 79' lang='lat' dir='ltr'>tantum</span> 
     </span>
     <span class='ocr_line' id='line_1_6' title="bbox 147 1023 1356 1110; baseline 0.004 -22"><span class='ocrx_word' id='word_1_34' title='bbox 147 1041 259 1106; x_wconf 86' lang='lat' dir='ltr'>super</span> <span class='ocrx_word' id='word_1_35' title='bbox 281 1023 423 1108; x_wconf 81' lang='lat' dir='ltr'>pignora</span> <span class='ocrx_word' id='word_1_36' title='bbox 438 1024 488 1091; x_wconf 91' lang='lat' dir='ltr'>rei</span> <span class='ocrx_word' id='word_1_37' title='bbox 503 1024 643 1108; x_wconf 89' lang='lat' dir='ltr'>mobilis,</span> <span class='ocrx_word' id='word_1_38' title='bbox 660 1043 757 1105; x_wconf 86' lang='lat' dir='ltr'>quam</span> <span class='ocrx_word' id='word_1_39' title='bbox 774 1023 809 1090; x_wconf 93' lang='lat' dir='ltr'>in</span> <span class='ocrx_word' id='word_1_40' title='bbox 825 1042 887 1090; x_wconf 88' lang='lat' dir='ltr'>sua</span> <span class='ocrx_word' id='word_1_41' title='bbox 901 1029 998 1091; x_wconf 88' lang='lat' dir='ltr'>tenet</span> <span class='ocrx_word' id='word_1_42' title='bbox 1013 1023 1176 1108; x_wconf 86' lang='lat' dir='ltr'>clausura,</span> <span class='ocrx_word' id='word_1_43' title='bbox 1191 1044 1252 1107; x_wconf 88' lang='lat' dir='ltr'>per</span> <span class='ocrx_word' id='word_1_44' title='bbox 1262 1027 1356 1110; x_wconf 89' lang='lat' dir='ltr'>jura·</span> 
     </span>
     <span class='ocr_line' id='line_1_7' title="bbox 147 1129 1356 1209; baseline 0.005 -17"><span class='ocrx_word' id='word_1_45' title='bbox 147 1131 304 1194; x_wconf 87' lang='lat' dir='ltr'>mentum</span> <span class='ocrx_word' id='word_1_46' title='bbox 329 1134 441 1209; x_wconf 83' lang='lat' dir='ltr'>potest</span> <span class='ocrx_word' id='word_1_47' title='bbox 464 1147 558 1196; x_wconf 89' lang='lat' dir='ltr'>suum</span> <span class='ocrx_word' id='word_1_48' title='bbox 584 1129 734 1196; x_wconf 89' lang='lat' dir='ltr'>debitum</span> <span class='ocrx_word' id='word_1_49' title='bbox 763 1130 924 1195; x_wconf 85' lang='lat' dir='ltr'>obtinere.</span> <span class='ocrx_word' id='word_1_50' title='bbox 954 1129 1058 1197; x_wconf 86' lang='lat' dir='ltr'>Secus</span> <span class='ocrx_word' id='word_1_51' title='bbox 1089 1136 1200 1198; x_wconf 87' lang='lat' dir='ltr'>autem</span> <span class='ocrx_word' id='word_1_52' title='bbox 1230 1137 1285 1197; x_wconf 87' lang='lat' dir='ltr'>est</span> <span class='ocrx_word' id='word_1_53' title='bbox 1313 1133 1356 1198; x_wconf 88' lang='lat' dir='ltr'>de</span> 
     </span>
     <span class='ocr_line' id='line_1_8' title="bbox 147 1231 1357 1318; baseline 0.004 -21"><span class='ocrx_word' id='word_1_54' title='bbox 147 1231 405 1299; x_wconf 82' lang='lat' dir='ltr'>hereditatibus</span> <span class='ocrx_word' id='word_1_55' title='bbox 430 1238 466 1299; x_wconf 88' lang='lat' dir='ltr'>et</span> <span class='ocrx_word' id='word_1_56' title='bbox 488 1236 589 1299; x_wconf 87' lang='lat' dir='ltr'>robus</span> <span class='ocrx_word' id='word_1_57' title='bbox 613 1233 851 1300; x_wconf 84' lang='lat' dir='ltr'>immobilibus:</span> <span class='ocrx_word' id='word_1_58' title='bbox 875 1251 961 1313; x_wconf 87' lang='lat' dir='ltr'>quae</span> <span class='ocrx_word' id='word_1_59' title='bbox 983 1233 1048 1299; x_wconf 91' lang='lat' dir='ltr'>sibi</span> <span class='ocrx_word' id='word_1_60' title='bbox 1064 1233 1100 1299; x_wconf 91' lang='lat' dir='ltr'>in</span> <span class='ocrx_word' id='word_1_61' title='bbox 1120 1233 1262 1318; x_wconf 81' lang='lat' dir='ltr'>pignora</span> <span class='ocrx_word' id='word_1_62' title='bbox 1277 1240 1357 1302; x_wconf 91' lang='lat' dir='ltr'>suut</span> 
     </span>
     <span class='ocr_line' id='line_1_9' title="bbox 148 1335 1354 1422; baseline 0.003 -20"><span class='ocrx_word' id='word_1_63' title='bbox 148 1335 278 1421; x_wconf 86' lang='lat' dir='ltr'>posita,</span> <span class='ocrx_word' id='word_1_64' title='bbox 293 1341 331 1401; x_wconf 91' lang='lat' dir='ltr'>ut</span> <span class='ocrx_word' id='word_1_65' title='bbox 346 1337 478 1422; x_wconf 84' lang='lat' dir='ltr'>asserit,</span> <span class='ocrx_word' id='word_1_66' title='bbox 499 1340 599 1404; x_wconf 90' lang='lat' dir='ltr'>debet</span> <span class='ocrx_word' id='word_1_67' title='bbox 615 1339 678 1406; x_wconf 90' lang='lat' dir='ltr'>hoc</span> <span class='ocrx_word' id='word_1_68' title='bbox 695 1358 755 1421; x_wconf 89' lang='lat' dir='ltr'>per</span> <span class='ocrx_word' id='word_1_69' title='bbox 770 1341 879 1404; x_wconf 87' lang='lat' dir='ltr'>testes</span> <span class='ocrx_word' id='word_1_70' title='bbox 894 1337 950 1408; x_wconf 88' lang='lat' dir='ltr'>vel</span> <span class='ocrx_word' id='word_1_71' title='bbox 965 1337 1100 1406; x_wconf 81' lang='lat' dir='ltr'>litteras</span> <span class='ocrx_word' id='word_1_72' title='bbox 1116 1339 1354 1407; x_wconf 87' lang='lat' dir='ltr'>demonstrare.</span> 
     </span>
    </p>
   </div>
   <div class='ocr_carea' id='block_1_4' title="bbox 147 1493 1354 1773">
    <p class='ocr_par' dir='ltr' id='par_1_4' title="bbox 147 1493 1354 1773">
     <span class='ocr_line' id='line_1_10' title="bbox 260 1493 1354 1578; baseline 0.002 -24"><span class='ocrx_word' id='word_1_73' title='bbox 260 1493 335 1558; x_wconf 76' lang='lat'><strong><em>439.</em></strong></span> <span class='ocrx_word' id='word_1_74' title='bbox 358 1494 408 1558; x_wconf 82' lang='lat' dir='ltr'>De</span> <span class='ocrx_word' id='word_1_75' title='bbox 431 1495 542 1556; x_wconf 80' lang='lat' dir='ltr'>usuris</span> <span class='ocrx_word' id='word_1_76' title='bbox 574 1493 702 1578; x_wconf 77' lang='lat' dir='ltr'>quondo</span> <span class='ocrx_word' id='word_1_77' title='bbox 733 1495 890 1559; x_wconf 75' lang='lat' dir='ltr'>accedant</span> <span class='ocrx_word' id='word_1_78' title='bbox 921 1504 1038 1557; x_wconf 77' lang='lat' dir='ltr'>cortem</span> <span class='ocrx_word' id='word_1_79' title='bbox 1068 1504 1099 1557; x_wconf 85' lang='lat' dir='ltr'>et</span> <span class='ocrx_word' id='word_1_80' title='bbox 1121 1497 1249 1577; x_wconf 81' lang='lat' dir='ltr'>quoodo</span> <span class='ocrx_word' id='word_1_81' title='bbox 1281 1517 1354 1571; x_wconf 82' lang='lat' dir='ltr'>coa,</span> 
     </span>
     <span class='ocr_line' id='line_1_11' title="bbox 151 1599 1354 1683; baseline 0.003 -23"><span class='ocrx_word' id='word_1_82' title='bbox 151 1608 185 1660; x_wconf 90' lang='lat' dir='ltr'>et</span> <span class='ocrx_word' id='word_1_83' title='bbox 210 1607 324 1661; x_wconf 80' lang='lat' dir='ltr'>atrum</span> <span class='ocrx_word' id='word_1_84' title='bbox 340 1599 484 1683; x_wconf 81' lang='lat' dir='ltr'>judaeos</span> <span class='ocrx_word' id='word_1_85' title='bbox 508 1609 593 1663; x_wconf 81' lang='lat' dir='ltr'>sorte</span> <span class='ocrx_word' id='word_1_86' title='bbox 616 1609 646 1663; x_wconf 83' lang='lat' dir='ltr'>ot</span> <span class='ocrx_word' id='word_1_87' title='bbox 668 1621 772 1663; x_wconf 82' lang='lat' dir='ltr'>usuro</span> <span class='ocrx_word' id='word_1_88' title='bbox 793 1600 942 1682; x_wconf 77' lang='lat' dir='ltr'>receptio,</span> <span class='ocrx_word' id='word_1_89' title='bbox 959 1599 1105 1683; x_wconf 77' lang='lat' dir='ltr'>piqaora</span> <span class='ocrx_word' id='word_1_90' title='bbox 1132 1601 1203 1663; x_wconf 84' lang='lat' dir='ltr'>sice</span> <span class='ocrx_word' id='word_1_91' title='bbox 1225 1609 1354 1664; x_wconf 82' lang='lat' dir='ltr'>coatra-</span> 
     </span>
     <span class='ocr_line' id='line_1_12' title="bbox 147 1701 675 1773; baseline 0 -7"><span class='ocrx_word' id='word_1_92' title='bbox 147 1701 297 1766; x_wconf 79' lang='lat' dir='ltr'>olioto&#39;ooe</span> <span class='ocrx_word' id='word_1_93' title='bbox 319 1704 489 1766; x_wconf 79' lang='lat' dir='ltr'>restituere</span> <span class='ocrx_word' id='word_1_94' title='bbox 518 1714 675 1773; x_wconf 81' lang='lat' dir='ltr'>teneatur.</span> 
     </span>
    </p>
   </div>
   <div class='ocr_carea' id='block_1_5' title="bbox 151 1857 1356 2049">
    <p class='ocr_par' dir='ltr' id='par_1_5' title="bbox 151 1857 1356 2049">
     <span class='ocr_line' id='line_1_13' title="bbox 197 1857 1356 1946; baseline -0.004 -18"><span class='ocrx_word' id='word_1_95' title='bbox 197 1921 201 1928; x_wconf 90' lang='lat'>.</span> <span class='ocrx_word' id='word_1_96' title='bbox 259 1859 332 1924; x_wconf 77' lang='lat'><em>440.</em></span> <span class='ocrx_word' id='word_1_97' title='bbox 360 1857 475 1923; x_wconf 82' lang='lat' dir='ltr'>Utrum</span> <span class='ocrx_word' id='word_1_98' title='bbox 497 1859 618 1924; x_wconf 77' lang='lat' dir='ltr'>solatio</span> <span class='ocrx_word' id='word_1_99' title='bbox 642 1862 677 1923; x_wconf 84' lang='lat' dir='ltr'>ic</span> <span class='ocrx_word' id='word_1_100' title='bbox 694 1871 794 1946; x_wconf 70' lang='lat' dir='ltr'>porta</span> <span class='ocrx_word' id='word_1_101' title='bbox 810 1861 910 1946; x_wconf 87' lang='lat' dir='ltr'>facto</span> <span class='ocrx_word' id='word_1_102' title='bbox 923 1861 1048 1946; x_wconf 82' lang='lat' dir='ltr'>judoco</span> <span class='ocrx_word' id='word_1_103' title='bbox 1072 1860 1119 1923; x_wconf 81' lang='lat' dir='ltr'>ait</span> <span class='ocrx_word' id='word_1_104' title='bbox 1140 1861 1175 1923; x_wconf 85' lang='lat' dir='ltr'>in</span> <span class='ocrx_word' id='word_1_105' title='bbox 1194 1870 1279 1924; x_wconf 79' lang='lat' dir='ltr'>corte</span> <span class='ocrx_word' id='word_1_106' title='bbox 1306 1860 1356 1925; x_wconf 82' lang='lat' dir='ltr'>vel</span> 
     </span>
     <span class='ocr_line' id='line_1_14' title="bbox 151 1964 549 2049; baseline 0.018 -23"><span class='ocrx_word' id='word_1_107' title='bbox 151 1967 187 2026; x_wconf 85' lang='lat' dir='ltr'>r&#39;u</span> <span class='ocrx_word' id='word_1_108' title='bbox 214 1985 320 2028; x_wconf 82' lang='lat' dir='ltr'>usuro</span> <span class='ocrx_word' id='word_1_109' title='bbox 343 1964 549 2049; x_wconf 81' lang='lat' dir='ltr'>defalcaada.</span> 
     </span>
    </p>
   </div>
   <div class='ocr_carea' id='block_1_6' title="bbox 147 2121 1354 2607">
    <p class='ocr_par' dir='ltr' id='par_1_6' title="bbox 147 2121 1354 2607">
     <span class='ocr_line' id='line_1_15' title="bbox 259 2121 1354 2207; baseline 0.005 -25"><span class='ocrx_word' id='word_1_110' title='bbox 259 2121 332 2188; x_wconf 80' lang='lat'><strong><em>441.</em></strong></span> <span class='ocrx_word' id='word_1_111' title='bbox 364 2121 414 2185; x_wconf 86' lang='lat' dir='ltr'>Dc</span> <span class='ocrx_word' id='word_1_112' title='bbox 437 2123 560 2207; x_wconf 79' lang='lat' dir='ltr'>judoco</span> <span class='ocrx_word' id='word_1_113' title='bbox 591 2133 705 2186; x_wconf 76' lang='lat' dir='ltr'>contra</span> <span class='ocrx_word' id='word_1_114' title='bbox 726 2123 886 2207; x_wconf 59' lang='lat' dir='ltr'>,traceam</span> <span class='ocrx_word' id='word_1_115' title='bbox 919 2133 1040 2206; x_wconf 69' lang='lat' dir='ltr'>operte.</span> <span class='ocrx_word' id='word_1_116' title='bbox 1075 2123 1116 2190; x_wconf 85' lang='lat' dir='ltr'>In</span> <span class='ocrx_word' id='word_1_117' title='bbox 1148 2124 1354 2204; x_wconf 81' lang='lat' dir='ltr'>quaestione,</span> 
     </span>
     <span class='ocr_line' id='line_1_16' title="bbox 149 2225 1352 2312; baseline -0.002 -18"><span class='ocrx_word' id='word_1_118' title='bbox 149 2245 254 2307; x_wconf 88' lang='lat' dir='ltr'>quam</span> <span class='ocrx_word' id='word_1_119' title='bbox 274 2228 417 2310; x_wconf 88' lang='lat' dir='ltr'>judaeus</span> <span class='ocrx_word' id='word_1_120' title='bbox 440 2233 552 2294; x_wconf 88' lang='lat' dir='ltr'>movet</span> <span class='ocrx_word' id='word_1_121' title='bbox 571 2231 703 2312; x_wconf 89' lang='lat' dir='ltr'>judaeo,</span> <span class='ocrx_word' id='word_1_122' title='bbox 730 2230 793 2295; x_wconf 88' lang='lat' dir='ltr'>soli</span> <span class='ocrx_word' id='word_1_123' title='bbox 812 2227 921 2312; x_wconf 89' lang='lat' dir='ltr'>jurati</span> <span class='ocrx_word' id='word_1_124' title='bbox 940 2228 1137 2311; x_wconf 90' lang='lat' dir='ltr'>judaeorum</span> <span class='ocrx_word' id='word_1_125' title='bbox 1162 2225 1352 2294; x_wconf 84' lang='lat' dir='ltr'>sententias</span> 
     </span>
     <span class='ocr_line' id='line_1_17' title="bbox 147 2329 1349 2416; baseline 0 -20"><span class='ocrx_word' id='word_1_126' title='bbox 147 2329 269 2396; x_wconf 89' lang='lat' dir='ltr'>dicere</span> <span class='ocrx_word' id='word_1_127' title='bbox 292 2337 439 2412; x_wconf 82' lang='lat' dir='ltr'>possunt,</span> <span class='ocrx_word' id='word_1_128' title='bbox 463 2332 528 2396; x_wconf 88' lang='lat' dir='ltr'>nisi</span> <span class='ocrx_word' id='word_1_129' title='bbox 550 2334 706 2399; x_wconf 70' lang='lat' dir='ltr'>fortassis</span> <span class='ocrx_word' id='word_1_130' title='bbox 729 2333 845 2416; x_wconf 89' lang='lat' dir='ltr'>nolint,</span> <span class='ocrx_word' id='word_1_131' title='bbox 869 2334 923 2399; x_wconf 85' lang='lat' dir='ltr'>vel</span> <span class='ocrx_word' id='word_1_132' title='bbox 946 2352 1007 2415; x_wconf 90' lang='lat' dir='ltr'>per</span> <span class='ocrx_word' id='word_1_133' title='bbox 1030 2341 1144 2414; x_wconf 84' lang='lat' dir='ltr'>partes</span> <span class='ocrx_word' id='word_1_134' title='bbox 1161 2333 1349 2399; x_wconf 84' lang='lat' dir='ltr'>habeantur</span> 
     </span>
     <span class='ocr_line' id='line_1_18' title="bbox 148 2433 1354 2522; baseline 0.002 -22"><span class='ocrx_word' id='word_1_135' title='bbox 148 2433 322 2516; x_wconf 73' lang='lat' dir='ltr'>suspecti,</span> <span class='ocrx_word' id='word_1_136' title='bbox 355 2440 434 2501; x_wconf 89' lang='lat' dir='ltr'>tunc</span> <span class='ocrx_word' id='word_1_137' title='bbox 469 2437 554 2502; x_wconf 89' lang='lat' dir='ltr'>euim</span> <span class='ocrx_word' id='word_1_138' title='bbox 589 2437 764 2504; x_wconf 87' lang='lat' dir='ltr'>christiani</span> <span class='ocrx_word' id='word_1_139' title='bbox 793 2439 899 2522; x_wconf 86' lang='lat' dir='ltr'>jurati</span> <span class='ocrx_word' id='word_1_140' title='bbox 934 2457 1007 2503; x_wconf 89' lang='lat' dir='ltr'>cum</span> <span class='ocrx_word' id='word_1_141' title='bbox 1037 2436 1170 2519; x_wconf 87' lang='lat' dir='ltr'>judaeis</span> <span class='ocrx_word' id='word_1_142' title='bbox 1201 2438 1245 2502; x_wconf 89' lang='lat' dir='ltr'>ad</span> <span class='ocrx_word' id='word_1_143' title='bbox 1276 2455 1354 2518; x_wconf 92' lang='lat' dir='ltr'>pro·</span> 
     </span>
     <span class='ocr_line' id='line_1_19' title="bbox 148 2539 829 2607; baseline -0.001 -1"><span class='ocrx_word' id='word_1_144' title='bbox 148 2539 375 2606; x_wconf 89' lang='lat' dir='ltr'>nuntiandum</span> <span class='ocrx_word' id='word_1_145' title='bbox 399 2541 586 2606; x_wconf 87' lang='lat' dir='ltr'>sententias</span> <span class='ocrx_word' id='word_1_146' title='bbox 609 2547 829 2607; x_wconf 86' lang='lat' dir='ltr'>assumantur.</span> 
     </span>
    </p>
   </div>
   <div class='ocr_carea' id='block_1_7' title="bbox 347 2797 1164 2884">
    <p class='ocr_par' dir='ltr' id='par_1_7' title="bbox 347 2797 1164 2884">
     <span class='ocr_line' id='line_1_20' title="bbox 347 2797 1164 2884; baseline 0.002 -21"><span class='ocrx_word' id='word_1_147' title='bbox 347 2799 591 2879; x_wconf 83' lang='lat' dir='ltr'>Capitulum</span> <span class='ocrx_word' id='word_1_148' title='bbox 615 2797 787 2864; x_wconf 87' lang='lat' dir='ltr'>XXXIX:</span> <span class='ocrx_word' id='word_1_149' title='bbox 809 2799 871 2865; x_wconf 93' lang='lat' dir='ltr'>De</span> <span class='ocrx_word' id='word_1_150' title='bbox 892 2802 1164 2884; x_wconf 86' lang='lat' dir='ltr'>juramentis.</span> 
     </span>
    </p>
   </div>
   <div class='ocr_carea' id='block_1_8' title="bbox 147 2955 1353 4396">
    <p class='ocr_par' dir='ltr' id='par_1_8' title="bbox 147 2955 1353 4396">
     <span class='ocr_line' id='line_1_21' title="bbox 262 2955 1352 3041; baseline 0.005 -26"><span class='ocrx_word' id='word_1_151' title='bbox 262 2955 334 3022; x_wconf 76' lang='lat'><em>442.</em></span> <span class='ocrx_word' id='word_1_152' title='bbox 357 2955 407 3017; x_wconf 90' lang='lat' dir='ltr'>De</span> <span class='ocrx_word' id='word_1_153' title='bbox 421 2959 629 3040; x_wconf 79' lang='lat' dir='ltr'>juramentis,</span> <span class='ocrx_word' id='word_1_154' title='bbox 651 2967 682 3020; x_wconf 81' lang='lat' dir='ltr'>et</span> <span class='ocrx_word' id='word_1_155' title='bbox 699 2960 811 3040; x_wconf 75' lang='lat' dir='ltr'>primo</span> <span class='ocrx_word' id='word_1_156' title='bbox 836 2958 874 3019; x_wconf 83' lang='lat' dir='ltr'>de</span> <span class='ocrx_word' id='word_1_157' title='bbox 896 2958 1003 3027; x_wconf 72' lang='lat' dir='ltr'>formo</span> <span class='ocrx_word' id='word_1_158' title='bbox 1021 2957 1161 3040; x_wconf 76' lang='lat' dir='ltr'>jrlroadi</span> <span class='ocrx_word' id='word_1_159' title='bbox 1180 2957 1216 3020; x_wconf 83' lang='lat' dir='ltr'>in</span> <span class='ocrx_word' id='word_1_160' title='bbox 1230 2978 1352 3041; x_wconf 69' lang='lat' dir='ltr'>qaaere.</span> 
     </span>
     <span class='ocr_line' id='line_1_22' title="bbox 149 3058 1353 3144; baseline 0.002 -20"><span class='ocrx_word' id='word_1_161' title='bbox 149 3059 226 3142; x_wconf 89' lang='lat' dir='ltr'>Ille,</span> <span class='ocrx_word' id='word_1_162' title='bbox 252 3059 307 3138; x_wconf 87' lang='lat' dir='ltr'>qui</span> <span class='ocrx_word' id='word_1_163' title='bbox 326 3058 550 3141; x_wconf 88' lang='lat' dir='ltr'>juramentum</span> <span class='ocrx_word' id='word_1_164' title='bbox 573 3061 685 3127; x_wconf 85' lang='lat' dir='ltr'>facere</span> <span class='ocrx_word' id='word_1_165' title='bbox 716 3064 827 3144; x_wconf 87' lang='lat' dir='ltr'>debet,</span> <span class='ocrx_word' id='word_1_166' title='bbox 858 3063 887 3126; x_wconf 87' lang='lat' dir='ltr'>si</span> <span class='ocrx_word' id='word_1_167' title='bbox 910 3061 1064 3144; x_wconf 84' lang='lat' dir='ltr'>voluerit,</span> <span class='ocrx_word' id='word_1_168' title='bbox 1095 3065 1208 3142; x_wconf 89' lang='lat' dir='ltr'>potest</span> <span class='ocrx_word' id='word_1_169' title='bbox 1232 3079 1292 3142; x_wconf 91' lang='lat' dir='ltr'>per</span> <span class='ocrx_word' id='word_1_170' title='bbox 1316 3079 1353 3127; x_wconf 88' lang='lat' dir='ltr'>sc</span> 
     </span>
     <span class='ocr_line' id='line_1_23' title="bbox 149 3164 1352 3249; baseline 0 -19"><span class='ocrx_word' id='word_1_171' title='bbox 149 3164 227 3230; x_wconf 91' lang='lat' dir='ltr'>sine</span> <span class='ocrx_word' id='word_1_172' title='bbox 256 3164 467 3244; x_wconf 81' lang='lat' dir='ltr'>prolocutore</span> <span class='ocrx_word' id='word_1_173' title='bbox 487 3169 610 3249; x_wconf 87' lang='lat' dir='ltr'>jurare,</span> <span class='ocrx_word' id='word_1_174' title='bbox 640 3171 675 3232; x_wconf 91' lang='lat' dir='ltr'>et</span> <span class='ocrx_word' id='word_1_175' title='bbox 698 3167 727 3232; x_wconf 90' lang='lat' dir='ltr'>si</span> <span class='ocrx_word' id='word_1_176' title='bbox 751 3166 889 3232; x_wconf 86' lang='lat' dir='ltr'>formam</span> <span class='ocrx_word' id='word_1_177' title='bbox 912 3185 932 3230; x_wconf 91' lang='lat' dir='ltr'>a</span> <span class='ocrx_word' id='word_1_178' title='bbox 956 3164 1101 3231; x_wconf 83' lang='lat' dir='ltr'>scabinis</span> <span class='ocrx_word' id='word_1_179' title='bbox 1133 3168 1352 3248; x_wconf 87' lang='lat' dir='ltr'>approbatam</span> 
     </span>
     <span class='ocr_line' id='line_1_24' title="bbox 149 3269 1353 3355; baseline 0 -21"><span class='ocrx_word' id='word_1_180' title='bbox 149 3269 187 3334; x_wconf 94' lang='lat' dir='ltr'>in</span> <span class='ocrx_word' id='word_1_181' title='bbox 208 3269 399 3352; x_wconf 89' lang='lat' dir='ltr'>juramento</span> <span class='ocrx_word' id='word_1_182' title='bbox 426 3289 491 3336; x_wconf 90' lang='lat' dir='ltr'>non</span> <span class='ocrx_word' id='word_1_183' title='bbox 523 3277 653 3336; x_wconf 84' lang='lat' dir='ltr'>servat:</span> <span class='ocrx_word' id='word_1_184' title='bbox 688 3272 773 3336; x_wconf 90' lang='lat' dir='ltr'>male</span> <span class='ocrx_word' id='word_1_185' title='bbox 797 3272 891 3355; x_wconf 77' lang='lat' dir='ltr'>Jurat</span> <span class='ocrx_word' id='word_1_186' title='bbox 920 3274 955 3335; x_wconf 88' lang='lat' dir='ltr'>et</span> <span class='ocrx_word' id='word_1_187' title='bbox 985 3270 1019 3334; x_wconf 91' lang='lat' dir='ltr'>in</span> <span class='ocrx_word' id='word_1_188' title='bbox 1049 3287 1151 3335; x_wconf 87' lang='lat' dir='ltr'>causa</span> <span class='ocrx_word' id='word_1_189' title='bbox 1182 3271 1281 3336; x_wconf 90' lang='lat' dir='ltr'>cadit.</span> <span class='ocrx_word' id='word_1_190' title='bbox 1317 3269 1353 3336; x_wconf 87' lang='lat' dir='ltr'>Si</span> 
     </span>
     <span class='ocr_line' id='line_1_25' title="bbox 151 3373 1352 3455; baseline 0.001 -16"><span class='ocrx_word' id='word_1_191' title='bbox 151 3377 270 3439; x_wconf 88' lang='lat' dir='ltr'>autem</span> <span class='ocrx_word' id='word_1_192' title='bbox 287 3373 529 3452; x_wconf 84' lang='lat' dir='ltr'>prolocutorem</span> <span class='ocrx_word' id='word_1_193' title='bbox 546 3375 715 3442; x_wconf 89' lang='lat' dir='ltr'>habuerit:</span> <span class='ocrx_word' id='word_1_194' title='bbox 735 3384 805 3441; x_wconf 88' lang='lat' dir='ltr'>tum</span> <span class='ocrx_word' id='word_1_195' title='bbox 822 3376 1013 3455; x_wconf 87' lang='lat' dir='ltr'>prolocutor</span> <span class='ocrx_word' id='word_1_196' title='bbox 1029 3375 1072 3438; x_wconf 92' lang='lat' dir='ltr'>ad</span> <span class='ocrx_word' id='word_1_197' title='bbox 1086 3376 1148 3441; x_wconf 94' lang='lat' dir='ltr'>boc</span> <span class='ocrx_word' id='word_1_198' title='bbox 1160 3375 1352 3454; x_wconf 87' lang='lat' dir='ltr'>recipiatur,</span> 
     </span>
     <span class='ocr_line' id='line_1_26' title="bbox 150 3477 1353 3563; baseline 0 -19"><span class='ocrx_word' id='word_1_199' title='bbox 150 3479 243 3559; x_wconf 86' lang='lat' dir='ltr'>quod</span> <span class='ocrx_word' id='word_1_200' title='bbox 266 3478 361 3543; x_wconf 90' lang='lat' dir='ltr'>homo</span> <span class='ocrx_word' id='word_1_201' title='bbox 384 3479 419 3543; x_wconf 88' lang='lat' dir='ltr'>in</span> <span class='ocrx_word' id='word_1_202' title='bbox 443 3496 545 3545; x_wconf 89' lang='lat' dir='ltr'>causa</span> <span class='ocrx_word' id='word_1_203' title='bbox 564 3482 710 3563; x_wconf 85' lang='lat' dir='ltr'>juvetur.</span> <span class='ocrx_word' id='word_1_204' title='bbox 735 3479 770 3546; x_wconf 84' lang='lat' dir='ltr'>Si</span> <span class='ocrx_word' id='word_1_205' title='bbox 793 3479 885 3544; x_wconf 90' lang='lat' dir='ltr'>illurn</span> <span class='ocrx_word' id='word_1_206' title='bbox 909 3479 944 3545; x_wconf 90' lang='lat' dir='ltr'>in</span> <span class='ocrx_word' id='word_1_207' title='bbox 966 3478 1074 3544; x_wconf 88' lang='lat' dir='ltr'>forma</span> <span class='ocrx_word' id='word_1_208' title='bbox 1091 3477 1276 3557; x_wconf 85' lang='lat' dir='ltr'>juramenti</span> <span class='ocrx_word' id='word_1_209' title='bbox 1290 3497 1353 3561; x_wconf 90' lang='lat' dir='ltr'>per</span> 
     </span>
     <span class='ocr_line' id='line_1_27' title="bbox 151 3581 1352 3661; baseline 0 -13"><span class='ocrx_word' id='word_1_210' title='bbox 151 3581 310 3648; x_wconf 87' lang='lat' dir='ltr'>scabinos</span> <span class='ocrx_word' id='word_1_211' title='bbox 346 3585 532 3661; x_wconf 91' lang='lat' dir='ltr'>approbata</span> <span class='ocrx_word' id='word_1_212' title='bbox 568 3583 720 3648; x_wconf 89' lang='lat' dir='ltr'>ordinate</span> <span class='ocrx_word' id='word_1_213' title='bbox 755 3591 789 3648; x_wconf 87' lang='lat' dir='ltr'>et</span> <span class='ocrx_word' id='word_1_214' title='bbox 824 3582 937 3649; x_wconf 87' lang='lat' dir='ltr'>debite</span> <span class='ocrx_word' id='word_1_215' title='bbox 973 3588 1110 3648; x_wconf 87' lang='lat' dir='ltr'>secutus</span> <span class='ocrx_word' id='word_1_216' title='bbox 1144 3602 1210 3649; x_wconf 90' lang='lat' dir='ltr'>non</span> <span class='ocrx_word' id='word_1_217' title='bbox 1233 3582 1352 3648; x_wconf 85' lang='lat' dir='ltr'>fuerit:</span> 
     </span>
     <span class='ocr_line' id='line_1_28' title="bbox 150 3685 1352 3769; baseline 0 -18"><span class='ocrx_word' id='word_1_218' title='bbox 150 3686 188 3752; x_wconf 94' lang='lat' dir='ltr'>in</span> <span class='ocrx_word' id='word_1_219' title='bbox 213 3703 315 3751; x_wconf 87' lang='lat' dir='ltr'>causa</span> <span class='ocrx_word' id='word_1_220' title='bbox 343 3685 435 3751; x_wconf 86' lang='lat' dir='ltr'>cadit</span> <span class='ocrx_word' id='word_1_221' title='bbox 476 3686 510 3752; x_wconf 83' lang='lat' dir='ltr'>Si</span> <span class='ocrx_word' id='word_1_222' title='bbox 544 3693 655 3752; x_wconf 88' lang='lat' dir='ltr'>autom</span> <span class='ocrx_word' id='word_1_223' title='bbox 687 3689 878 3768; x_wconf 92' lang='lat' dir='ltr'>prolocutor</span> <span class='ocrx_word' id='word_1_224' title='bbox 909 3687 945 3752; x_wconf 92' lang='lat' dir='ltr'>in</span> <span class='ocrx_word' id='word_1_225' title='bbox 977 3686 1083 3752; x_wconf 82' lang='lat' dir='ltr'>forma</span> <span class='ocrx_word' id='word_1_226' title='bbox 1116 3687 1293 3769; x_wconf 87' lang='lat' dir='ltr'>erraverit,</span> <span class='ocrx_word' id='word_1_227' title='bbox 1317 3694 1352 3752; x_wconf 90' lang='lat' dir='ltr'>et</span> 
     </span>
     <span class='ocr_line' id='line_1_29' title="bbox 147 3789 1353 3875; baseline 0.001 -19"><span class='ocrx_word' id='word_1_228' title='bbox 147 3792 271 3875; x_wconf 87' lang='lat' dir='ltr'>jurans</span> <span class='ocrx_word' id='word_1_229' title='bbox 295 3789 402 3871; x_wconf 90' lang='lat' dir='ltr'>ipsum</span> <span class='ocrx_word' id='word_1_230' title='bbox 427 3793 541 3857; x_wconf 91' lang='lat' dir='ltr'>eodem</span> <span class='ocrx_word' id='word_1_231' title='bbox 573 3795 665 3858; x_wconf 91' lang='lat' dir='ltr'>modo</span> <span class='ocrx_word' id='word_1_232' title='bbox 699 3792 733 3857; x_wconf 91' lang='lat' dir='ltr'>in</span> <span class='ocrx_word' id='word_1_233' title='bbox 763 3793 875 3857; x_wconf 88' lang='lat' dir='ltr'>verbis</span> <span class='ocrx_word' id='word_1_234' title='bbox 907 3797 1043 3856; x_wconf 89' lang='lat' dir='ltr'>secutus</span> <span class='ocrx_word' id='word_1_235' title='bbox 1066 3790 1184 3857; x_wconf 86' lang='lat' dir='ltr'>luerit:</span> <span class='ocrx_word' id='word_1_236' title='bbox 1214 3797 1353 3872; x_wconf 88' lang='lat' dir='ltr'>proptor</span> 
     </span>
     <span class='ocr_line' id='line_1_30' title="bbox 153 3894 1351 3976; baseline -0.001 -14"><span class='ocrx_word' id='word_1_237' title='bbox 153 3913 303 3962; x_wconf 89' lang='lat' dir='ltr'>errorem</span> <span class='ocrx_word' id='word_1_238' title='bbox 328 3895 548 3975; x_wconf 83' lang='lat' dir='ltr'>prolocutoris</span> <span class='ocrx_word' id='word_1_239' title='bbox 571 3895 606 3960; x_wconf 91' lang='lat' dir='ltr'>in</span> <span class='ocrx_word' id='word_1_240' title='bbox 629 3914 731 3962; x_wconf 87' lang='lat' dir='ltr'>causa</span> <span class='ocrx_word' id='word_1_241' title='bbox 753 3914 819 3962; x_wconf 89' lang='lat' dir='ltr'>non</span> <span class='ocrx_word' id='word_1_242' title='bbox 843 3895 943 3971; x_wconf 87' lang='lat' dir='ltr'>cadit,</span> <span class='ocrx_word' id='word_1_243' title='bbox 966 3897 1026 3960; x_wconf 88' lang='lat' dir='ltr'>sed</span> <span class='ocrx_word' id='word_1_244' title='bbox 1052 3894 1212 3976; x_wconf 83' lang='lat' dir='ltr'>,bolung“</span> <span class='ocrx_word' id='word_1_245' title='bbox 1231 3894 1351 3974; x_wconf 88' lang='lat' dir='ltr'>perdit.</span> 
     </span>
     <span class='ocr_line' id='line_1_31' title="bbox 152 3997 1351 4083; baseline 0.002 -19"><span class='ocrx_word' id='word_1_246' title='bbox 152 3998 222 4064; x_wconf 84' lang='lat' dir='ltr'>Sed</span> <span class='ocrx_word' id='word_1_247' title='bbox 245 3999 276 4062; x_wconf 86' lang='lat' dir='ltr'>si</span> <span class='ocrx_word' id='word_1_248' title='bbox 295 3999 411 4080; x_wconf 88' lang='lat' dir='ltr'>jurare</span> <span class='ocrx_word' id='word_1_249' title='bbox 435 4000 560 4064; x_wconf 89' lang='lat' dir='ltr'>debens</span> <span class='ocrx_word' id='word_1_250' title='bbox 577 4005 694 4066; x_wconf 86' lang='lat' dir='ltr'>tantae</span> <span class='ocrx_word' id='word_1_251' title='bbox 710 3999 944 4083; x_wconf 87' lang='lat' dir='ltr'>providentiae</span> <span class='ocrx_word' id='word_1_252' title='bbox 963 3997 1075 4080; x_wconf 83' lang='lat' dir='ltr'>fuerit,</span> <span class='ocrx_word' id='word_1_253' title='bbox 1099 4001 1186 4077; x_wconf 87' lang='lat' dir='ltr'>quod</span> <span class='ocrx_word' id='word_1_254' title='bbox 1202 4000 1351 4078; x_wconf 89' lang='lat' dir='ltr'>prolocu-</span> 
     </span>
     <span class='ocr_line' id='line_1_32' title="bbox 151 4103 1351 4185; baseline -0.002 -15"><span class='ocrx_word' id='word_1_255' title='bbox 151 4109 229 4170; x_wconf 90' lang='lat' dir='ltr'>tore</span> <span class='ocrx_word' id='word_1_256' title='bbox 261 4107 395 4169; x_wconf 90' lang='lat' dir='ltr'>errante</span> <span class='ocrx_word' id='word_1_257' title='bbox 430 4104 502 4184; x_wconf 90' lang='lat' dir='ltr'>ipse</span> <span class='ocrx_word' id='word_1_258' title='bbox 533 4103 673 4170; x_wconf 82' lang='lat' dir='ltr'>formam</span> <span class='ocrx_word' id='word_1_259' title='bbox 706 4123 726 4170; x_wconf 88' lang='lat' dir='ltr'>a</span> <span class='ocrx_word' id='word_1_260' title='bbox 758 4104 880 4185; x_wconf 84' lang='lat' dir='ltr'>juratis</span> <span class='ocrx_word' id='word_1_261' title='bbox 914 4106 1027 4169; x_wconf 88' lang='lat' dir='ltr'>datam</span> <span class='ocrx_word' id='word_1_262' title='bbox 1061 4111 1096 4169; x_wconf 90' lang='lat' dir='ltr'>et</span> <span class='ocrx_word' id='word_1_263' title='bbox 1129 4104 1351 4184; x_wconf 88' lang='lat' dir='ltr'>approbatam</span> 
     </span>
     <span class='ocr_line' id='line_1_33' title="bbox 151 4205 1348 4288; baseline 0 -16"><span class='ocrx_word' id='word_1_264' title='bbox 151 4205 269 4273; x_wconf 88' lang='lat' dir='ltr'>debite</span> <span class='ocrx_word' id='word_1_265' title='bbox 293 4210 328 4274; x_wconf 84' lang='lat' dir='ltr'>et</span> <span class='ocrx_word' id='word_1_266' title='bbox 351 4207 504 4273; x_wconf 87' lang='lat' dir='ltr'>ordinate</span> <span class='ocrx_word' id='word_1_267' title='bbox 527 4215 657 4275; x_wconf 88' lang='lat' dir='ltr'>servat:</span> <span class='ocrx_word' id='word_1_268' title='bbox 681 4211 765 4274; x_wconf 89' lang='lat' dir='ltr'>bene</span> <span class='ocrx_word' id='word_1_269' title='bbox 785 4209 879 4288; x_wconf 80' lang='lat' dir='ltr'>jurat</span> <span class='ocrx_word' id='word_1_270' title='bbox 902 4213 937 4273; x_wconf 86' lang='lat' dir='ltr'>ot</span> <span class='ocrx_word' id='word_1_271' title='bbox 952 4207 1082 4274; x_wconf 88' lang='lat' dir='ltr'>obtinet</span> <span class='ocrx_word' id='word_1_272' title='bbox 1100 4225 1243 4272; x_wconf 88' lang='lat' dir='ltr'>causam.</span> <span class='ocrx_word' id='word_1_273' title='bbox 1267 4207 1348 4272; x_wconf 83' lang='lat' dir='ltr'>Oum</span> 
     </span>
     <span class='ocr_line' id='line_1_34' title="bbox 153 4309 1349 4396; baseline -0.003 -17"><span class='ocrx_word' id='word_1_274' title='bbox 153 4313 243 4379; x_wconf 84' lang='lat' dir='ltr'>enim</span> <span class='ocrx_word' id='word_1_275' title='bbox 268 4309 457 4391; x_wconf 88' lang='lat' dir='ltr'>prolocutor</span> <span class='ocrx_word' id='word_1_276' title='bbox 479 4312 513 4376; x_wconf 90' lang='lat' dir='ltr'>in</span> <span class='ocrx_word' id='word_1_277' title='bbox 536 4314 622 4378; x_wconf 90' lang='lat' dir='ltr'>bene</span> <span class='ocrx_word' id='word_1_278' title='bbox 646 4313 698 4379; x_wconf 92' lang='lat' dir='ltr'>vel</span> <span class='ocrx_word' id='word_1_279' title='bbox 722 4314 805 4378; x_wconf 91' lang='lat' dir='ltr'>male</span> <span class='ocrx_word' id='word_1_280' title='bbox 826 4314 970 4396; x_wconf 89' lang='lat' dir='ltr'>jurando</span> <span class='ocrx_word' id='word_1_281' title='bbox 993 4311 1077 4376; x_wconf 92' lang='lat' dir='ltr'>nihil</span> <span class='ocrx_word' id='word_1_282' title='bbox 1093 4313 1213 4393; x_wconf 85' lang='lat' dir='ltr'>perdit,</span> <span class='ocrx_word' id='word_1_283' title='bbox 1234 4329 1349 4377; x_wconf 87' lang='lat' dir='ltr'>neces·</span> 
     </span>
    </p>
   </div>
   <div class='ocr_carea' id='block_1_9' title="bbox 1592 508 1600 555">
    <p class='ocr_par' dir='ltr' id='par_1_9' title="bbox 1592 472 1600 587">
     <span class='ocr_line' id='line_1_35' title="bbox 1592 508 1600 555; baseline 0 32"><span class='ocrx_word' id='word_1_284' title='bbox 1592 508 1600 555; x_wconf 58' lang='lat' dir='ltr'>r</span> 
     </span>
    </p>
   </div>
   <div class='ocr_carea' id='block_1_10' title="bbox 0 0 1642 5009">
    <p class='ocr_par' dir='ltr' id='par_1_10' title="bbox 0 0 1642 5009">
     <span class='ocr_line' id='line_1_36' title="bbox 0 0 1642 5009; baseline 0 0"><span class='ocrx_word' id='word_1_285' title='bbox 0 0 1642 5009; x_wconf 95' lang='lat' dir='ltr'> </span> 
     </span>
    </p>
   </div>
  </div>
 </body>
</html>
