3275 5009
620 378 785 433 Sententiae
804 377 987 447 Iglavienses.
1348 380 1399 432 357

202 590 381 656 habentem
405 588 493 652 nude
509 586 628 671 solvat,
652 587 681 653 si
705 588 853 653 creditor
876 606 992 654 carere
1009 587 1168 654 noluerit:
1189 588 1292 671 judex
1308 588 1397 653 debi-

201 701 307 761 torem
330 708 429 758 manu
452 690 588 772 propria
612 690 772 757 creditori
795 693 918 771 tradat,
942 709 1037 771 quem
1060 708 1123 757 neo
1146 692 1180 757 in
1194 689 1320 773 frigore
1337 709 1399 757 neo

200 798 236 863 in
258 795 369 863 calore
393 795 633 877 distemperata
656 795 796 877 tenebit,
826 797 887 865 sed
908 794 998 862 ferro
1030 795 1183 876 manuali,
1215 802 1250 860 31
1282 801 1399 876 pascet

200 920 273 967 eum
307 906 430 979 quarta
464 904 560 981 parte
595 900 693 983 panis
726 900 830 981 empti
867 918 927 982 pro
961 918 1026 967 uno
1059 900 1213 968 denario,
1229 907 1264 965 31
1299 900 1397 981 cipho

199 1022 316 1085 aquae.
349 1003 385 1070 Si
408 1022 488 1072 vero
520 1004 634 1069 furtim
666 1003 832 1088 effugerit,
863 1010 988 1071 extunc
1019 1005 1167 1070 creditor
1199 1003 1396 1083 ubicumque

198 1108 306 1190 ipsum
331 1110 490 1190 rapuerit,
514 1127 588 1174 cum
611 1108 700 1175 scitu
718 1110 842 1193 judicis
873 1109 1042 1189 captivum
1066 1108 1241 1174 detinebit.
1271 1106 1396 1193 (XXI.)

302 1241 417 1326 atto)
441 1240 477 1305 Si
499 1238 621 1319 aliquis
638 1246 840 1319 conquestus
862 1238 965 1306 fuerit
980 1257 1089 1306 coram
1102 1238 1229 1322 judicio
1245 1256 1311 1304 nou
1334 1240 1396 1303 suh

197 1346 294 1408 recto
317 1344 449 1409 nomine
471 1346 693 1425 responeutia
716 1345 923 1426 respondens
955 1350 1135 1427 propterea
1164 1340 1303 1408 liberari
1330 1360 1397 1408 non
1453 1367 1456 1372 ·

197 1446 333 1529 poterit,
350 1450 410 1514 sed
426 1447 619 1528 prolocutor
634 1465 761 1529 poenae
779 1448 898 1515 minori
914 1449 1111 1533 subjacebit,
1126 1446 1192 1514 vid.
1208 1446 1278 1512 XII
1293 1448 1394 1512 dena·

196 1551 330 1617 riorum.
355 1551 519 1638 (XXIII.)

300 1682 643 1751 aeternalitater
674 1689 831 1765 eaptus
866 1702 936 1765 pro
971 1684 1139 1749 debitis
1176 1702 1226 1747 ex
1259 1680 1394 1764 capti-

197 1786 346 1851 vitate
370 1787 579 1852 evaserit.
603 1786 640 1851 Si
663 1786 737 1867 quis
762 1805 820 1867 pro
843 1787 957 1867 aliqua
971 1805 1073 1852 causa
1090 1786 1225 1866 preconi
1240 1802 1394 1867 praesen-

195 1894 288 1956 tatus
310 1889 413 1957 inerit
437 1891 491 1957 vel
515 1910 574 1957 suo
598 1892 752 1975 debitori,
767 1892 891 1957 nemini
913 1892 1019 1956 medio
1040 1897 1191 1971 tempore
1208 1907 1266 1971 pro
1283 1887 1395 1969 aliqua

196 2012 299 2060 causa
311 1994 545 2077 respondebit3
558 2002 594 2062 31
606 1997 636 2063 31
648 1997 722 2061 11133
739 1996 904 2080 effugerit,
921 1997 1108 2075 quicunque
1124 1998 1275 2059 actorum
1287 1993 1395 2074 ipsum

195 2096 320 2193 primus
344 2100 615 2181 deprehenderit,
650 2100 699 2165 illi
723 2100 839 2179 utique
874 2098 1100 2181 respondebit.
1134 2098 1218 2163 Item
1254 2096 1395 2177 quilibet

195 2219 294 2281 preco
318 2204 543 2269 testimouium
568 2204 747 2285 perhibere
776 2205 911 2285 poterIt,
942 2204 972 2268 si
1004 2203 1145 2282 aliquem
1179 2220 1238 2283 pro
1271 2200 1394 2266 debitis

194 2307 249 2373 131
295 2326 349 2373 133
387 2307 531 2389 alioujns
577 2308 610 2373 in
648 2311 743 2375 domo
782 2308 923 2375 alterins
968 2308 1205 2387 interdixerit;
1248 2307 1328 2372 item
1375 2324 1392 2371 3

193 2411 337 2491 aliquem
368 2412 535 2495 citaverit,
566 2412 795 2495 interrogatus
820 2430 840 2476 a
861 2411 972 2493 judice
1003 2414 1044 2476 de
1075 2412 1137 2476 hoo
1168 2410 1393 2475 testImonium

193 2506 392 2600 perhibebit.
416 2515 571 2601 (XXIV.)

295 2649 371 2715 268.
412 2647 469 2711 De
507 2645 638 2711 falsis
677 2648 882 2714 clavibus
917 2655 995 2713 etc.
1025 2647 1174 2727 Expedit
1209 2645 1319 2725 etiam,
1354 2648 1392 2707 ut

193 2750 391 2831 quicumque
413 2749 581 2815 fabrorum
606 2751 706 2817 alicui
732 2752 802 2817 viro
826 2753 880 2817 vel
906 2752 1035 2817 mulieri
1057 2750 1161 2816 falsas
1188 2752 1303 2815 313133
1338 2750 1391 2814 131

192 2873 296 2921 uncos
308 2854 437 2936 iecerit,
450 2854 480 2919 si
491 2873 563 2919 oum
579 2855 687 2919 tribus
705 2856 1211 2932 133111331131331331113333
1229 2854 1394 2935 privetur3

192 2960 251 3023 sed
269 2960 298 3024 si
321 2978 358 3023 se
382 2977 570 3041 expurgare
590 2960 744 3041 voluerit,
761 2966 839 3025 mett
847 2960 952 3026 311133
968 2959 1003 3024 in
1018 2977 1117 3024 cruce
1134 2959 1289 3040 probabit
1301 2959 1391 3040 jura·

191 3066 346 3128 mentum.
373 3064 421 3129 De
444 3063 513 3129 1313
539 3080 643 3143 poena
667 3064 765 3127 cedet
788 3064 890 3128 tertia
914 3083 993 3144 pars
1014 3063 1129 3147 judici,
1157 3063 1261 3127 tertia
1285 3061 1392 3127 actori

192 3172 227 3230 et
250 3164 354 3232 tertia
374 3168 505 3250 juratis.
531 3165 686 3252 (XXVI.)

294 3298 371 3364 269.
408 3296 466 3361 De
501 3298 596 3363 illis
632 3296 703 3377 qui
736 3297 865 3363 Deum
900 3303 942 3364 31
976 3300 1145 3365 beatem
1169 3297 1392 3381 Virginem

190 3400 468 3466 maledicunt.
505 3401 627 3466 Omnes
659 3400 868 3467 decrevimus
902 3402 1105 3468 unanimiter
1136 3408 1170 3468 et
1200 3403 1392 3483 devotant

191 3502 390 3582 quicumque
423 3506 526 3570 Deum
552 3507 607 3571 vel
629 3508 763 3571 beatam
798 3507 938 3573 Mariam
973 3507 1027 3572 vel
1062 3507 1204 3573 Sanctos
1238 3505 1303 3569 Dei
1336 3506 1391 3570 vel

190 3614 402 3673 sacramenta
439 3608 603 3675 ecclesiae
638 3611 931 3692 blasphemaverit,
966 3617 1094 3676 statuto
1126 3610 1239 3691 papali
1262 3616 1391 3690 septem

190 3710 309 3776 diebus
322 3712 496 3779 dominicis
510 3732 580 3779 cum
595 3715 740 3798 corrigia
752 3716 843 3779 circa
856 3716 985 3797 collum,
996 3715 1097 3795 nudip
1108 3733 1144 3779 es
1161 3714 1318 3779 trahatur
1334 3716 1392 3779 du·

189 3822 286 3881 rante
310 3819 525 3897 processione
546 3818 636 3884 circa
660 3818 835 3885 ecclesiam
853 3820 1105 3903 parrochialem,
1121 3824 1156 3884 et
1176 3819 1240 3883 hiis
1262 3823 1391 3899 septem

191 3920 310 3985 diebus
323 3920 453 4004 jejunet
465 3922 501 3986 in
515 3941 601 4003 pane
618 3928 653 3988 31
669 3940 766 4006 aqua,
783 3924 906 3989 nullam
925 3925 1101 3990 ecclesium
1117 3923 1225 3989 medio
1241 3929 1392 4003 tempore

189 4022 413 4107 ingressurus.
458 4024 494 4090 Si
528 4030 608 4091 ante
643 4026 728 4091 hano
763 4045 903 4106 poenam
943 4036 1180 4108 contempnens
1218 4027 1391 4100 moriatur,

189 4126 364 4208 sepultura
388 4129 525 4195 carebit.
550 4129 584 4195 si
608 4148 688 4196 vero
714 4130 857 4211 pecunia
879 4132 1078 4197 satisfacere
1101 4132 1257 4213 voluerit,
1273 4134 1331 4196 det
1347 4132 1391 4195 ad

189 4248 272 4417 g}
296 4232 459 4298 ecclesiae
477 4232 540 4299 XL
557 4235 681 4299 solidos
697 4234 751 4300 vel
775 4236 877 4299 XXX
902 4238 956 4302 vel
973 4239 1152 4303 secuudum
1171 4254 1269 4318 posse
1286 4254 1390 4338 suum·

276 4335 381 4419 VIII.)
