3275 5009
54 133 57 278 Ι

296 245 346 298 126
813 241 978 298 Sententiae

287 450 397 535 judici
418 451 499 538 111s2
522 451 686 518 fertonem
708 456 745 518 et
767 451 832 518 LX
854 466 958 536 gross.
983 451 1093 519 solvat
1111 451 1260 532 civitati3
1282 454 1361 532 quia
1375 453 1477 518 inloo

293 573 435 623 excessu
458 557 562 641 major·
585 556 631 622 sit
653 555 857 624 verecundia
880 555 1021 623 civitati.

399 712 504 801 ntae)
536 713 739 778 Dasmenda
766 711 958 775 senteutiam
988 713 1156 798 arguentis
1182 734 1204 774 o
1217 714 1347 797 juratio
1379 712 1481 776 lotam.

292 814 356 898 Qui
380 817 580 884 sententiam
598 817 690 902 juste
713 815 816 882 latam
839 833 982 898 arguere
1005 814 1276 899 praesumpserit,
1298 817 1409 884 solvet
1426 835 1480 898 pro

294 922 434 994 emenda
456 922 490 988 X
513 938 653 1004 marcas,
675 922 717 987 dc
748 920 869 999 quibus
899 921 1003 987 tertia
1034 939 1112 1001 pars
1139 919 1245 1002 judici
1275 927 1310 986 et
1340 923 1482 989 secunda

291 1025 425 1092 civitati
448 1028 599 1108 debetur,
623 1042 720 1106 quum
744 1023 819 1104 plus
843 1024 1017 1091 exceditur
1039 1030 1157 1091 contra
1180 1025 1352 1099 cousih'um
1374 1026 1411 1091 iu
1427 1027 1484 1091 hoc

291 1147 381 1196 casu.
405 1131 525 1213 Nota,
547 1130 636 1210 quod
657 1149 678 1195 a
701 1128 872 1196 sententia
902 1128 1038 1211 injusta,
1068 1130 1132 1196 imo
1163 1129 1264 1196 etiam
1289 1130 1393 1214 justa,
1417 1149 1485 1196 oum

292 1231 516 1301 moderamine
538 1237 725 1318 verborum,
749 1233 927 1316 disciplina
958 1236 1095 1299 servata
1126 1237 1162 1298 et
1190 1232 1328 1300 licentia
1357 1240 1485 1318 rogata,

292 1337 447 1405 fortassis
472 1337 544 1404 siue
575 1339 715 1405 emenda
747 1343 802 1404 est
833 1337 960 1404 licitum
991 1355 1190 1431 provocarc;
1222 1337 1370 1418 alioquin
1400 1345 1485 1404 metu

293 1444 454 1508 emendae
477 1442 652 1526 litigantes
675 1460 741 1508 nou
765 1445 1020 1523 praesumerent
1042 1442 1086 1507 ad
1107 1441 1265 1524 majorem
1285 1442 1484 1508 audientiam

290 1546 475 1627 appellare.
499 1545 546 1611 Et
568 1549 671 1613 debet
694 1546 786 1612 dicta
810 1548 950 1613 emenda
972 1546 1059 1611 solvi
1082 1549 1124 1613 ab
1146 1545 1224 1630 illis,
1246 1546 1303 1627 qui
1318 1546 1485 1628 appellant

292 1650 473 1734 injudicio
496 1650 632 1733 famoso,
656 1651 744 1718 sicut
767 1651 801 1716 iu
825 1651 937 1731 alique
961 1649 1110 1734 civitate,
1139 1651 1198 1717 ubi
1219 1652 1363 1717 habetur
1394 1647 1484 1731 copia

292 1756 497 1837 sapientum3
521 1772 687 1836 pauperes
710 1758 822 1821 autem
851 1759 886 1821 et
908 1754 1076 1837 simplices
1106 1753 1140 1819 iu
1166 1754 1303 1838 jndiciis
1333 1755 1484 1821 villarum

291 1859 467 1944 litigantes
499 1858 528 1926 si
560 1858 806 1942 appellaverint
850 1858 1093 1926 contumaciter
1125 1877 1145 1925 a
1176 1859 1346 1926 sententia
1385 1858 1482 1940 justa

291 1966 471 2031 secuudum
494 1981 665 2029 numerum
684 1964 872 2046 juratorum
895 1961 986 2028 illius
1002 1962 1120 2047 judieii
1135 1980 1195 2045 pro
1213 1962 1362 2042 quolibet
1374 1962 1482 2044 jurato

290 2069 425 2135 solvent
447 2067 582 2133 LXXII
605 2085 736 2150 parvos,
771 2071 806 2134 et
829 2066 858 2133 si
881 2085 1027 2151 arguens
1053 2053 1224 2147 pecuniam
1248 2086 1315 2133 nou
1337 2068 1480 2149 haberet,

291 2172 437 2254 linguam
461 2173 591 2252 perdet.

399 2309 504 2395 itas)
528 2308 731 2374 Dasmenda
747 2307 840 2392 falsi
861 2310 1040 2373 testimonii
1061 2308 1111 2373 ool
1134 2307 1344 2396 blasphemio.
1367 2309 1404 2375 Si
1426 2327 1481 2390 pro

292 2414 377 2481 falso
410 2413 601 2480 testimonio
633 2413 688 2479 vel
719 2413 929 2494 blasphemia
960 2418 1091 2479 centum
1115 2412 1223 2497 grossi
1247 2413 1432 2497 solvantur,
1451 2411 1481 2478 iu

293 2518 360 2586 illis
393 2519 497 2584 habet
531 2517 653 2585 civitas
683 2516 820 2584 tertiam
853 2522 998 2599 partom3
1031 2517 1094 2582 hoc
1126 2521 1189 2601 est,
1222 2518 1251 2582 si
1283 2516 1482 2600 blasphemio

292 2621 385 2688 iacta
419 2627 472 2688 est
506 2621 541 2688 in
572 2621 644 2688 loco
680 2623 813 2704 privato
849 2627 884 2688 et
917 2621 1064 2706 perjurio
1095 2621 1182 2688 levis
1205 2639 1345 2703 oausae3
1378 2623 1436 2687 sed
1455 2620 1481 2686 si

290 2725 510 2807 solempniter
531 2726 615 2792 haec
638 2727 731 2808 fiunt,
754 2725 899 2792 solvitur
920 2727 1026 2808 major
1049 2724 1198 2792 emenda.

399 2880 506 2967 2729)
530 2878 679 2953 Qualiter
702 2881 784 2945 boue
812 2860 1010 2944 advenarum
1040 2891 1203 2964 tamquam
1233 2882 1381 2945 emendae
1404 2881 1482 2944 dioi-

294 2987 425 3052 dootur.
451 2986 592 3052 Advena
614 2987 650 3052 in
673 2985 815 3053 civitate
837 2986 982 3053 moriens
997 2984 1191 3068 intestatus,
1207 2986 1278 3070 ejus
1293 2987 1380 3052 bona
1396 2984 1480 3050 cives

293 3106 381 3156 auno
413 3095 448 3155 et
478 3090 531 3155 die
562 3093 754 3174 servabunt,
785 3095 820 3157 et
849 3091 880 3158 si
911 3090 1045 3156 interim
1075 3089 1187 3155 nullus
1221 3091 1262 3155 de
1293 3088 1493 3171 propinquis

292 3191 363 3258 suis
387 3211 428 3259 aa
451 3193 599 3277 petierit,
622 3195 726 3259 tertia
751 3212 829 3275 pars
854 3194 987 3260 dabitur
1010 3212 1069 3274 pro
1084 3193 1195 3260 anima
1212 3191 1369 3276 defuncti,
1384 3193 1481 3259 tertia

287 3295 399 3380 judici
423 3302 458 3362 et
482 3298 584 3362 tertia
605 3298 738 3383 juratis,
761 3298 846 3365 alias
871 3297 1012 3367 civitati.

399 3434 512 3519 ntae)
537 3434 587 3499 Dc
610 3438 739 3499 emendo
769 3435 926 3519 ponderis
950 3438 1184 3498 circumcirca
1213 3432 1250 3501 Si
1279 3435 1384 3516 prima
1412 3435 1480 3502 vice

293 3543 411 3620 raptus
441 3537 554 3623 fuerit,
585 3540 694 3606 solvet
724 3545 858 3607 centum
889 3557 1033 3623 grossos,
1062 3541 1210 3605 secunda
1240 3541 1323 3607 duas
1349 3556 1479 3620 mareas,

292 3641 397 3708 tertie
427 3645 541 3708 decem
571 3662 709 3710 marcas,
745 3644 857 3711 Prima
887 3645 1026 3710 emenda
1055 3647 1109 3708 est
1139 3642 1241 3709 solius
1267 3642 1397 3726 iudicis
1426 3643 1479 3707 sed

291 3748 441 3812 secunda
465 3747 520 3813 vel
542 3748 646 3814 tertia
668 3747 743 3815 vice
768 3749 890 3813 cedens
913 3751 967 3812 est
989 3763 1047 3828 pro
1070 3746 1175 3811 tertia
1209 3748 1307 3827 parte
1330 3745 1478 3827 civitatis,

292 3850 353 3915 sed
376 3850 463 3916 aliae
486 3852 572 3918 duae
595 3856 671 3935 part
673 3863 709 3918 es
657 3853 776 3918 tad
794 3851 942 3935 judicem
964 3839 1191 3932 pertinebunt
1244 3893 1246 3897 -

398 3991 483 4054 nmo
470 3989 498 4076 i)
522 3990 573 4053 Do
596 3991 728 4056 emendo
751 4011 868 4076 operae
892 3989 1068 4056 homicidii.
1096 3990 1161 4054 Pro
1184 4007 1286 4070 opera
1310 3985 1475 4068 homicidii,

293 4093 381 4170 quod
403 4093 592 4178 vulgariter
617 4094 801 4178 „vollayst“
826 4094 908 4161 dicit
906 4113 958 4177 .,ur
974 4092 1068 4160 dabit
1053 4096 1110 4160 tur
1126 4093 1233 4158 actori
1248 4110 1367 4174 marca,
1379 4088 1474 4174 judici

292 4193 379 4262 ferto
403 4199 439 4263 et
462 4196 595 4264 civitati
617 4197 704 4264 farto
729 4217 927 4282 grossorum.
