3275 5009
774 306 942 360 Brunenses.
1399 265 1401 270 Α
1422 311 1457 362 69

250 511 320 576 hoc
342 529 409 576 non
431 514 485 577 est
509 513 697 596 occupatio,
718 533 781 579 nec
804 519 947 597 oportet,
974 517 1060 594 quod
1092 515 1175 584 civis
1207 516 1313 596 ipsum
1346 519 1387 582 ab
1420 535 1459 584 ea

248 615 398 680 redimat
422 618 457 679 et
479 618 649 683 absolvat.

360 787 437 854 109.
469 788 522 850 De
549 786 836 867 ariarariouibao,
866 789 981 872 quibas
1011 793 1143 853 oon-rei
1168 799 1370 874 occupantur·
1394 813 1459 875 pro

251 890 322 952 reis
354 893 389 952 io
409 893 552 978 judiciis
583 895 731 958 diversis.
763 894 843 960 Cum
874 894 1023 962 Jacobus
1056 895 1097 960 de
1126 894 1253 961 Zahers
1285 895 1387 960 Paulo
1417 898 1458 962 de

252 994 461 1063 Hostradicz
483 998 627 1064 mediam
654 1016 799 1064 marcam
831 1017 1021 1081 grossorum
1053 1003 1182 1064 statuto
1214 1017 1281 1064 non
1311 1000 1459 1065 solveret

250 1099 409 1182 termino,
431 1102 523 1168 misit
547 1109 795 1183 procuratorem
821 1088 972 1168 suumin
996 1103 1132 1184 Zahers,
1157 1102 1212 1182 qui
1234 1103 1398 1168 Jacobum
1422 1103 1456 1169 iu

250 1221 392 1269 causam
414 1206 565 1288 trahens
597 1210 801 1285 conquestus
833 1210 885 1270 est
915 1207 989 1270 vice
1021 1205 1143 1272 domini
1173 1206 1226 1270 sui
1256 1225 1315 1286 pro
1347 1207 1455 1274 media

247 1326 366 1372 marca
412 1309 528 1393 debiti,
573 1315 609 1375 et
653 1328 712 1390 pro
759 1309 910 1390 dampnis
957 1315 992 1374 ot
1036 1308 1156 1392 usuris,
1209 1327 1294 1388 quae
1338 1327 1455 1390 super-

246 1410 428 1479 venissent
452 1413 568 1478 cidem.
589 1413 614 1478 J
615 1417 740 1479 acubus
763 1418 876 1479 autem
893 1414 1008 1478 statim
1023 1413 1165 1478 mediam
1180 1431 1326 1480 marcam
1342 1433 1454 1479 nume-

244 1533 332 1580 rans
367 1518 588 1597 procuratori,
624 1518 766 1599 dampna
800 1517 940 1601 negavit
971 1535 1044 1582 cum
1074 1516 1193 1598 usuris,
1225 1517 1347 1600 dicens,
1378 1519 1455 1597 quia

241 1619 441 1702 juramento
465 1639 526 1686 suo
542 1623 646 1687 vellet
662 1622 826 1704 obtinere,
843 1621 1040 1703 promissum
1057 1623 1097 1685 de
1114 1620 1265 1701 dampnis
1283 1621 1454 1688 solvendis

244 1741 289 1788 se
323 1742 389 1789 uon
423 1725 555 1793 fecisse.
590 1726 742 1806 Recepta
778 1743 858 1808 ergo
892 1724 1001 1790 media
1033 1743 1145 1790 maroa
1180 1730 1378 1808 procurator
1412 1728 1453 1792 de

245 1828 404 1908 dampnis
430 1833 533 1896 verba
558 1847 624 1896 non
647 1847 783 1894 movens
815 1850 836 1895 a
865 1828 992 1895 Zahers
1023 1829 1174 1894 recessit.
1207 1828 1302 1912 Quod
1334 1829 1451 1895 videns

241 1931 273 1996 J
274 1935 398 1998 acobus
419 1934 524 2016 judici
547 1938 582 1999 et
600 1933 724 2017 juratis
748 1932 844 2013 dixit,
869 1933 945 2011 quia
968 1937 1107 2014 paratus
1132 1937 1223 1998 esset
1239 1934 1278 1998 de
1296 1933 1449 2014 dampnis

244 2040 288 2101 et
311 2035 386 2101 aliis
408 2035 550 2118 obJectis
577 2037 677 2102 Paulo
701 2039 881 2102 secundum
901 2036 1067 2119 justitiam
1090 2039 1301 2120 respondere,
1318 2041 1446 2120 petens

245 2141 339 2218 quod
366 2141 428 2206 hoc
458 2141 566 2222 ipsum
598 2141 630 2206 ei
660 2140 695 2205 in
727 2141 929 2206 Hostradicz
961 2142 1030 2206 suis
1061 2141 1170 2206 literis
1200 2142 1449 2218 demandarent,

244 2242 342 2308 sicut
375 2249 410 2310 et
444 2244 607 2311 iecerunt.
642 2245 768 2310 Paulus
792 2245 892 2310 etiam
923 2249 1049 2325 tacens,
1081 2249 1199 2325 postea
1229 2263 1289 2326 per
1321 2245 1449 2324 aliquot

246 2347 458 2428 septimanas
475 2351 557 2414 duos
575 2347 666 2415 cives
691 2350 732 2414 de
751 2349 886 2426 ZaherS,
910 2368 992 2428 quos
1017 2349 1051 2413 in
1074 2349 1276 2414 Hostradicz
1300 2349 1450 2430 reperiit,

244 2457 416 2519 arrestari
446 2471 506 2536 per
537 2453 679 2527 iudicem
711 2455 910 2534 procuravit.
947 2453 1011 2535 Qui
1041 2453 1276 2534 promittentes
1306 2452 1448 2518 termino

245 2556 303 2622 eis
336 2559 509 2641 assignato
541 2576 577 2623 se
610 2559 698 2624 velle
730 2562 890 2640 statuere,
919 2559 1018 2623 liberi
1049 2564 1127 2623 sunt
1158 2557 1294 2622 dimissi.
1325 2557 1448 2622 Postea

240 2679 332 2726 vero
360 2680 433 2726 cum
456 2662 598 2727 termino
629 2666 802 2728 transacto
834 2681 899 2727 non
931 2661 1140 2743 statuissent,
1172 2662 1293 2727 iterum
1324 2661 1382 2726 aiii
1406 2663 1446 2725 de

239 2765 378 2831 Zabers
400 2768 434 2829 in
459 2765 660 2831 Hostradicz
685 2774 763 2830 sunt
786 2765 949 2846 occupati,
979 2765 1034 2844 qui
1058 2765 1151 2844 equis
1175 2770 1210 2829 et
1233 2765 1308 2830 aliis
1332 2783 1444 2829 eorum

240 2869 347 2934 bonis
379 2869 412 2934 io
447 2869 649 2934 Hostradicz
681 2870 809 2935 relictis
840 2871 874 2934 in
904 2871 1030 2936 Zahers
1062 2872 1241 2935 redeuntes
1273 2874 1378 2951 agunt
1409 2867 1444 2930 in

239 2972 412 3039 Jacobum
436 2979 471 3038 et
495 2974 529 3038 in
553 2973 636 3039 alios
660 2973 752 3054 prius
775 2980 965 3055 occupatos,
987 2979 1025 3039 ut
1048 2976 1135 3038 bona
1159 2989 1268 3039 eorum
1290 2974 1331 3037 ab
1349 2990 1442 3036 occu-

242 3077 386 3159 patione
409 3077 443 3143 in
466 3076 667 3143 Hostradicz
691 3077 740 3142 eis
761 3077 949 3161 disbrigent
966 3083 1000 3143 et
1017 3079 1202 3143 absolvant.
1226 3075 1272 3140 Et
1288 3074 1443 3141 similiter

239 3181 349 3264 primi
378 3181 534 3261 occupati
563 3187 681 3261 petunt
711 3199 772 3262 per
802 3182 964 3247 iacobum
996 3199 1032 3246 se
1059 3178 1275 3264 Justitialiter
1304 3180 1443 3244 absolvi.

240 3287 431 3370 Quaeritur
454 3305 543 3369 ergo,
567 3286 639 3365 quis
663 3287 797 3353 ult-imos
821 3291 1000 3366 occupatos
1023 3285 1186 3351 redimere
1210 3282 1392 3350 teneatur?

353 3415 488 3498 Super
518 3435 594 3496 quo
625 3419 934 3498 respondetur:
970 3416 1066 3499 Quod
1095 3415 1202 3498 magis
1233 3413 1315 3479 iacti
1344 3432 1440 3492 quam

235 3520 330 3607 juris
361 3527 413 3588 est
443 3522 605 3602 quaestio.
634 3522 783 3587 Jacobus
815 3521 912 3603 enim,
944 3521 1021 3600 quia
1052 3524 1190 3601 paratus
1220 3518 1285 3583 fuit
1316 3520 1440 3584 obtem·

236 3643 375 3710 perure,
398 3645 459 3691 uec
483 3626 606 3706 primos
629 3644 691 3690 nec
708 3625 841 3690 ultimos
860 3630 1040 3706 occupatos
1056 3625 1224 3704 liberabit,
1240 3626 1299 3688 sed
1315 3623 1440 3688 Paulus

237 3733 287 3798 de
322 3731 530 3807 Hostradicz,
565 3731 642 3809 quia
676 3730 800 3811 primos
834 3734 868 3795 et
904 3728 1036 3794 ultimos
1067 3728 1251 3793 arrestavit
1282 3727 1440 3808 indebite,

236 3834 329 3916 ipsis
352 3837 394 3898 ad
418 3852 512 3898 omne
535 3835 700 3900 interesse
724 3832 974 3898 rationabiliter
998 3834 1173 3912 obligatur.
1203 3831 1329 3897 Debuit
1353 3832 1440 3898 enim

235 3957 305 4023 pro
329 3937 480 4020 dampnis
503 3945 539 4004 et
554 3939 663 4005 usuris
687 3958 707 4002 a
729 3939 858 4004 Jacobo
882 3937 916 4002 in
938 3937 1066 4003 Zahors
1087 3936 1252 4019 justitiam
1280 3936 1344 4001 sibi
1366 3936 1440 4002 fieri

235 4042 424 4126 petivisse3
461 4045 547 4121 quod
586 4043 664 4121 quia
701 4041 814 4107 iacere
852 4041 1061 4122 contempsit,
1106 4040 1203 4104 nimis
1244 4038 1366 4104 festine
1398 4041 1440 4103 ad

232 4147 502 4217 arrestationem
536 4147 709 4227 processit,
739 4146 875 4227 Justitia
913 4146 979 4210 sibi
1020 4147 1112 4226 prius
1146 4143 1181 4208 in
1215 4143 1339 4208 Zahers
1375 4161 1440 4206 non

234 4253 422 4334 denegata.
