3275 5009
284 363 339 416 204
640 336 643 342 Ι
804 361 968 415 Sententiae

283 568 387 635 alicui
417 585 529 634 eorum
562 568 809 652 consanguineo
843 569 897 636 vel
928 573 1089 635 extraneo
1120 574 1287 650 tamquam
1318 570 1483 636 tutariet

286 670 452 755 provisori
484 670 609 738 luerint
644 671 850 758 (commissi),
884 673 940 752 qui
972 671 1086 738 forsan
1118 690 1160 739 ax
1195 692 1244 756 eo,
1276 676 1359 753 quod
1389 673 1481 738 bonis

283 794 398 843 eorum
421 774 542 859 utitur,
557 775 648 856 ipsos
666 776 875 843 matrimonio
891 779 1028 843 tradere
1044 776 1141 842 nimis
1157 780 1290 843 tardat:
1314 776 1482 860 (orphani)

283 881 328 946 ad
358 877 486 958 aliquos
517 881 558 944 de
589 877 727 945 consilio
756 878 953 962 jnratorum,
981 898 1042 945 seu
1065 882 1109 946 ad
1131 880 1310 963 plebanum
1332 882 1385 948 vel
1409 899 1481 946 con·

282 983 447 1051 sessorem
484 984 588 1066 ibunt,
626 983 684 1064 qui
721 1001 833 1049 eorum
870 983 1077 1050 voluntatem
1116 988 1151 1049 et
1184 983 1405 1050 intentionem
1444 986 1483 1050 de

282 1088 511 1156 contrahendo
534 1086 744 1154 matrimonio
768 1090 811 1153 ad
835 1087 1007 1153 consilium
1031 1087 1181 1154 civitatis
1205 1089 1379 1154 deducent.
1410 1086 1479 1170 Quo

282 1194 408 1277 audito,
424 1192 595 1260 consilium
613 1211 673 1273 per
689 1210 734 1274 se,
754 1192 1020 1259 contradictione
1036 1192 1159 1258 tutoris
1180 1211 1246 1258 non
1263 1197 1430 1274 obstante,
1446 1199 1482 1258 ut

282 1297 400 1364 talium
431 1295 637 1386 compleatur
664 1295 864 1362 desiderium
896 1297 1127 1378 orphanorum,
1159 1296 1276 1363 statim
1309 1317 1379 1363 cum
1409 1296 1479 1362 dili·

280 1400 401 1486 gentia
424 1402 464 1465 de
488 1385 726 1467 contrahendis
750 1399 878 1482 nuptiis
901 1401 1100 1483 providebit.

386 1558 461 1624 518.
485 1556 654 1621 Hom-inem
678 1558 892 1642 tricenariam
916 1581 978 1621 reon
1008 1557 1112 1643 lipaat
1142 1569 1267 1620 statera
1295 1559 1478 1642 praedicta.

281 1663 464 1742 Postquam
487 1662 541 1729 vir
563 1669 598 1728 et
620 1663 739 1729 mulier
769 1665 812 1728 ad
844 1681 947 1729 annos
976 1664 1079 1729 XXX
1109 1664 1312 1747 pervenerit,
1342 1663 1494 1729 statutis-

281 1766 464 1849 preediotis
488 1785 553 1834 non
577 1768 808 1851 subjacebunt,
830 1784 893 1832 nec
915 1767 1031 1848 poenis
1051 1768 1150 1834 ineis
1168 1767 1478 1847 contentisaliqua·

279 1870 360 1937 liter
382 1871 584 1956 ligabuntur.

384 2027 457 2091 519.
471 2027 577 2088 Poena
585 2027 839 2110 procurantium
852 2026 1049 2089 eductionem
1062 2027 1111 2088 cel
1121 2037 1263 2110 raptum.
1275 2026 1474 2112 Quicumque

279 2130 391 2209 etiam,
411 2130 585 2197 mulierum
600 2131 655 2196 vel
671 2129 830 2212 virorum,
849 2131 1024 2197 convictus
1039 2131 1152 2214 fuerit,
1168 2135 1254 2212 quod
1272 2133 1475 2212 praedictam

278 2235 489 2302 eductionem
501 2235 556 2302 vel
570 2235 734 2301 occultam
746 2235 899 2316 copulam
912 2235 984 2301 eine
996 2235 1084 2302 scitu
1095 2239 1130 2301 et
1143 2235 1282 2302 consilio
1294 2240 1473 2317 parentum,

206 2349 207 2356 ’
277 2356 338 2405 seu
361 2338 499 2424 illorum,
530 2357 668 2419 quorum
691 2338 845 2421 interest,
876 2338 941 2404 viri
965 2345 999 2405 et
1022 2339 1179 2421 mulieriS,
1210 2339 1419 2406 ordinaverit
1440 2344 1472 2405 et

277 2442 520 2526 procuraverit,
544 2461 602 2508 seu
627 2441 799 2508 consilium
823 2448 858 2508 et
881 2441 1040 2508 auxilium
1073 2444 1115 2508 ad
1145 2444 1207 2510 hoo
1231 2445 1378 2511 dederit:
1403 2445 1470 2510 sine

278 2563 339 2628 spe
362 2547 525 2612 redeundi
548 2564 735 2628 perennes
758 2546 786 2611 L
809 2546 939 2613 carebit
962 2546 1102 2612 introitu
1126 2547 1285 2615 civitatis.

383 2711 457 2774 520.
470 2711 577 2773 Poena
589 2718 764 2794 parentant
781 2719 894 2771 contra
909 2719 1035 2772 statuta
1044 2713 1257 2796 praescripta
1268 2714 1467 2777 venientium.

277 2815 487 2900 Quicumque
516 2815 617 2881 etiam
645 2817 685 2880 de
709 2833 845 2881 numero
878 2821 1053 2896 pareutum
1083 2816 1138 2884 vel
1167 2817 1308 2896 illorum,
1339 2835 1468 2898 quorum

277 2919 431 3002 interest,
449 2919 582 3001 juvenis
606 2919 793 3005 masculini,
815 2918 889 2985 sive
912 2919 1050 3002 puellae,
1066 2920 1119 2986 vel
1136 2921 1258 2987 viduae
1278 2923 1467 3003 praehabito

276 3025 371 3090 modo
405 3028 535 3090 statuta
567 3023 693 3090 violare
728 3023 991 3106 praesumpserit
1021 3024 1317 3110 qualitercumque,
1347 3029 1465 3105 absque

276 3126 471 3193 remissione
495 3131 624 3193 tantam
645 3145 802 3193 summam
820 3130 993 3211 pecuniae,
1009 3132 1168 3208 quantum
1184 3132 1362 3212 masculus,
1377 3130 1466 3210 virgo

277 3231 333 3298 vel
356 3229 473 3296 mulier
496 3233 530 3297 in
547 3250 608 3296 sua
625 3233 750 3298 habere
767 3233 930 3299 debuerat
946 3233 1108 3316 portione,
1124 3232 1232 3299 solvet
1248 3252 1309 3314 pro
1326 3235 1466 3314 emenda,

276 3335 311 3402 in
334 3353 429 3401 usum
453 3334 603 3402 civitatis
628 3338 897 3403 convertendam.

277 3503 278 3508 ’
380 3491 454 3559 521.
487 3491 729 3574 Recepitnlate'o
762 3502 959 3556 statutarum
984 3497 1060 3579 jaan
1094 3494 1262 3572 dictorem,
1301 3497 1384 3579 quod
1415 3514 1463 3556 nac

232 3609 234 3615 '
273 3597 522 3658 cantrarr'aatar
551 3594 741 3680 privilepiis
776 3597 929 3675 civitatee,
966 3620 1022 3660 nec
1054 3617 1116 3680 per
1153 3607 1279 3661 statuta
1315 3606 1465 3684 praecata

274 3697 361 3760 Jura
407 3698 595 3780 Oriqr‘nala'a
639 3697 688 3762 ael
732 3696 916 3765 Sententiae
953 3703 1046 3786 juris
1092 3703 1237 3764 cr'or'tata'a
1290 3713 1462 3766 cassantur.

275 3803 355 3868 (lum
387 3803 518 3886 dicitur,
553 3804 640 3884 quod
670 3804 705 3869 in
735 3805 876 3872 arbitrio
907 3805 996 3873 filiae
1025 3807 1165 3892 alicujus
1197 3808 1252 3873 vel
1275 3807 1395 3875 viduae
1418 3810 1462 3873 est

273 3909 401 3973 nubere
436 3909 489 3974 vel
521 3927 586 3974 non
615 3909 748 3988 nubere,
780 3909 974 3989 cuicumque
1006 3910 1096 3993 velit,
1128 3913 1189 3978 hoc
1220 3911 1462 3996 intelligendum

273 4015 338 4093 eet,
361 4001 449 4090 quod
472 4011 583 4093 puella
609 4012 661 4077 vel
683 4012 801 4078 mulier
817 4016 860 4079 ad
876 4015 984 4080 virum
1003 4018 1090 4082 huno
1108 4015 1269 4083 velillum
1286 4019 1460 4083 ducendum

275 4132 341 4180 non
364 4123 417 4181 est
440 4117 604 4198 cogendam
635 4135 710 4181 nem
738 4117 827 4182 sicut
849 4120 891 4184 ad
915 4119 1013 4185 fidem
1044 4120 1099 4186 vel
1129 4121 1329 4200 baptismum
1361 4121 1461 4187 nullus

272 4218 485 4299 compellitur
507 4218 571 4284 nisi
595 4219 721 4302 volana,
744 4219 794 4285 sic
817 4238 879 4287 nec
907 4225 949 4288 ad
981 4223 1168 4308 conjugium
1200 4231 1252 4289 est
1284 4225 1381 4293 homo
1411 4240 1460 4306 per

274 4321 466 4389 uiolentiam
502 4323 756 4405 compellendus.
791 4324 838 4389 Et
871 4345 913 4392 ex
947 4327 1009 4393 hoc
1044 4334 1148 4411 patet,
1184 4331 1273 4409 quod
1305 4329 1382 4413 iste,
1414 4325 1459 4408 poi
