3275 5009
682 311 850 364 Brunenses.
1312 315 1362 367 113

160 516 310 582 alterius
342 516 427 582 civis
450 518 580 602 ibidem,
612 519 734 600 petivit
764 519 798 586 in
830 519 1015 604 conjugium
1048 520 1203 601 copulari.
1230 521 1361 588 nomine

161 621 253 687 dotis
278 621 385 688 eidem
406 622 601 689 maccellum
629 623 836 704 promittens
868 623 965 690 Modo
996 623 1163 690 defunctis
1193 625 1295 692 Petro
1327 630 1362 691 et

161 725 338 807 Stephano
362 725 580 811 Margaretha
603 746 705 793 nurus
728 727 801 812 agit
823 728 858 793 in
881 746 1011 794 socrum
1033 746 1128 794 suam
1150 728 1285 796 viduam
1301 747 1361 811 pro

160 830 323 896 maccello
346 829 411 896 sibi
434 831 565 897 ratione
588 831 734 897 dotalitii
757 832 929 914 promisso,
952 832 1104 946 obliganp
1132 850 1170 899 se
1200 835 1242 898 ad
1273 833 1360 900 veri-

158 936 330 1002 ficandum
356 935 551 1016 promissum
567 937 679 1002 dotale
696 954 757 1017 per
772 942 880 1003 testes
897 937 1043 1019 idoneos,
1058 939 1216 1017 quosdam
1228 939 1359 1022 juratos

160 1044 196 1105 et
229 1042 390 1119 quosdam
421 1057 608 1106 communes
638 1041 797 1124 homines,
829 1041 886 1121 qui
913 1040 1140 1108 interfuerunt
1171 1043 1361 1109 contractui

158 1142 317 1226 nuptIali.
330 1142 452 1210 Socrus
464 1149 575 1211 autem
586 1144 783 1226 promissum
796 1164 863 1212 non
874 1163 1002 1230 negans
1015 1145 1106 1230 dicit,
1119 1145 1216 1228 „quia
1228 1146 1360 1239 Petrus,

159 1247 217 1316 vir
240 1246 324 1329 ejus,
350 1252 431 1315 ante
461 1266 565 1316 anuos
582 1249 721 1330 aliquot
744 1249 835 1331 patri
857 1249 1096 1333 Margarethae
1120 1268 1179 1331 pro
1201 1249 1361 1316 maccello

157 1351 269 1417 dotali
284 1351 466 1435 pecuniam,
478 1352 513 1418 in
525 1372 590 1434 qua
605 1355 876 1438 contentabatur,
892 1353 1080 1420 numeravit
1096 1360 1132 1419 et
1145 1353 1256 1436 solvit,
1272 1355 1361 1434 qnod

157 1455 320 1522 similiter
335 1473 395 1536 per
410 1460 519 1522 testes
534 1461 603 1522 tam
615 1457 757 1540 puratos,
774 1477 872 1538 quam
888 1475 955 1524 non
972 1459 1099 1540 juratos
1114 1458 1235 1523 nititur
1250 1458 1358 1524 decla·

156 1562 269 1627 rare“.
289 1558 470 1642 Quaeritur
483 1577 572 1644 ergo,
588 1563 684 1646 cujus
700 1563 808 1644 partis
824 1568 931 1629 testes
948 1563 1016 1629 sint
1032 1561 1107 1629 aliis
1123 1561 1360 1643 praeferendi?
1433 1635 1434 1640 ,

266 1665 404 1747 Super
427 1683 506 1744 quo
530 1664 766 1734 diffinitum
788 1673 873 1734 est:
905 1666 1000 1751 Quod
1023 1673 1139 1750 testea,
1171 1685 1252 1748 quos
1285 1667 1359 1732 vult

156 1786 278 1836 socrus
302 1773 453 1836 statuere
476 1771 518 1836 de
541 1771 619 1836 dote
642 1771 762 1854 soluta,
785 1772 855 1838 sint
877 1772 1035 1838 audiendi
1058 1776 1093 1838 et
1116 1771 1271 1838 districte
1296 1772 1356 1837 sub

155 1875 289 1941 virtute
322 1874 505 1956 juramenti
543 1875 737 1954 praestandi
783 1875 1002 1959 corporaliter
1039 1874 1280 1959 interrogandi,
1329 1874 1357 1940 si

155 1979 381 2062 Margaretha
403 1995 564 2058 praesens
586 1976 699 2062 luerit,
722 1998 796 2045 cum
819 1984 917 2063 pater
941 1981 1012 2064 eJ'us
1036 1987 1241 2046 numeratam
1257 1996 1357 2062 pecu·

156 2082 249 2148 niam
274 2099 333 2165 pro
356 2080 514 2148 macceilo
537 2081 602 2148 sibi
625 2084 733 2148 dotem
759 2085 921 2165 promisso
944 2085 1103 2166 suscepit,
1127 2089 1162 2151 et
1185 2083 1215 2148 si
1241 2083 1354 2149 volun·

155 2187 283 2252 tarium
314 2186 386 2269 ejus
415 2187 458 2252 ad
487 2187 550 2251 hoc
579 2205 776 2253 consensum
807 2206 870 2254 neo
900 2206 1010 2272 prece,
1039 2187 1146 2266 minis,
1173 2205 1235 2253 nec
1266 2191 1357 2251 metu
1466 2215 1468 2220 ·

154 2290 298 2357 inducta
320 2289 490 2372 praebuit3
513 2298 548 2356 et
571 2290 600 2357 si
623 2291 672 2357 sic
694 2294 920 2375 testabuntur,
951 2293 1013 2358 hoc
1035 2291 1139 2358 laoiet
1163 2310 1221 2373 pro
1247 2307 1355 2372 socru,
1412 2314 1414 2316 ·

156 2397 248 2475 quod
271 2412 373 2460 nurus
398 2393 635 2473 querimoniam
659 2395 852 2462 declinabit.

264 2497 318 2564 Et
341 2498 410 2563 hic
432 2499 606 2583 collige,
638 2501 726 2580 quod
748 2501 870 2567 solutio
898 2499 985 2566 dotis
1017 2505 1070 2566 est
1100 2504 1228 2566 tantum
1259 2499 1354 2566 uxori

155 2602 314 2671 facienda
338 2608 372 2669 et
396 2604 482 2684 quod
501 2604 575 2686 ipsa
591 2604 663 2670 sola
678 2623 699 2671 a
715 2605 868 2672 dotalitio
884 2610 922 2673 et
937 2605 1008 2688 eJ'us
1025 2605 1185 2687 promisso
1201 2605 1354 2669 maritum

156 2707 301 2774 liberum
323 2708 465 2776 reddere
488 2713 601 2791 potest
625 2713 660 2774 et
683 2709 834 2775 solutum.

265 2849 336 2916 205.
360 2848 416 2911 Ad
438 2848 542 2912 dotem
565 2846 749 2912 solvendam
773 2850 872 2912 ctiam
895 2849 1024 2912 herodas
1041 2845 1237 2932 oblr'paotur,
1261 2846 1355 2912 Sen-

157 2953 398 3019 tentiatum
430 2957 498 3019 est
528 2952 738 3021 diversis:
769 2952 823 3019 Ex
851 2972 914 3034 quo
938 2972 998 3034 per
1020 2951 1262 3018 matrimonium
1284 2950 1353 3017 filia

159 3056 390 3138 emancipatur
413 3063 448 3124 θῖ
472 3057 597 3123 transit
627 3076 647 3122 a
680 3058 790 3138 patria
818 3063 1005 3139 potestate:
1035 3056 1065 3122 si
1096 3061 1193 3139 pater
1223 3055 1354 3122 nomine
1420 3131 1421 3136 η

158 3161 247 3227 filiae
270 3162 381 3227 dotem
411 3160 603 3244 promiserit
625 3170 661 3227 et
684 3162 790 3244 ipsam
818 3168 898 3227 ante
922 3160 1057 3242 nuptias
1081 3159 1352 3242 emancipaverit,

158 3284 222 3331 non
245 3264 377 3332 tollitur
403 3266 589 3348 promissio,
620 3266 649 3332 si
680 3272 776 3347 pater
808 3266 978 3349 moriatur,
1009 3265 1087 3345 quia
1117 3263 1350 3330 nichilominus

159 3370 302 3436 heredes
324 3371 397 3453 ejus
419 3389 462 3435 ex
485 3369 702 3451 promissione
726 3369 867 3453 obligati
890 3370 1139 3452 permanebunt.

263 3509 336 3576 ⁴206.
368 3484 466 3572 Dotis
492 3510 670 3593 promissio
702 3507 815 3572 bouum
838 3510 938 3590 fidem
971 3507 1087 3570 habere
1122 3505 1220 3571 debet.
1256 3506 1356 3573 Dotis

160 3614 342 3696 promissio,
364 3612 393 3678 si
416 3618 505 3679 metu
529 3613 583 3681 vel
607 3611 642 3679 vi
664 3617 797 3678 extorta
818 3612 931 3694 fuerit,
955 3611 1083 3676 inutilis
1107 3615 1167 3693 est,
1193 3627 1267 3675 cum
1290 3612 1351 3675 dos

162 3735 202 3782 ex
222 3719 332 3784 libera
355 3717 520 3799 proficisci
555 3717 678 3782 debeat
714 3719 895 3783 voluntate.
929 3715 999 3782 Sic
1035 3713 1353 3781 sententiatum

162 3827 213 3886 est
240 3822 275 3889 in
304 3822 524 3908 Heynreichs,
561 3840 632 3887 cum
673 3822 838 3889 Scherezo
876 3825 1052 3905 cognatam
1089 3837 1182 3885 suam
1218 3817 1348 3883 cuidam

161 3925 284 3992 rustico
318 3926 417 3991 diviti
453 3928 652 3996 tradidisset
687 3934 721 3993 et
757 3946 829 3993 eum
865 3931 983 4008 postea
1021 3925 1064 3989 ad
1094 3915 1352 4005 promittendum

163 4029 348 4095 dotalitium
373 4031 596 4112 compulisset.

264 4171 335 4236 207.
369 4170 439 4232 Dos
470 4191 533 4233 oon
563 4181 672 4255 potest
707 4172 741 4232 iu
768 4170 927 4255 fraudem
962 4169 1156 4231 creditorum
1189 4164 1347 4246 promitti.

164 4270 410 4340 Dillinitive
434 4277 757 4342 sententiatum
778 4279 862 4340 est:
879 4273 915 4338 Si
931 4278 1028 4355 pater
1044 4270 1165 4338 debitis
1182 4269 1350 4336 involutus

215 4406 285 4448 corax
295 4409 338 4459 jur.
353 4411 404 4452 sou.
418 4411 445 4451 rr.
459 4416 479 4452 r.
1233 4391 1249 4441 8
