3275 5009
291 421 343 474 214
615 457 619 464 -
810 417 976 472 Sententiae

290 627 346 712 sit,
383 626 576 695 voluntates
615 626 884 694 contrahentium
920 625 1027 710 magia
1066 643 1164 706 quam
1199 629 1373 697 verborum
1405 645 1486 695 con-

291 728 478 813 ceptionem
501 729 676 812 inspicere,
706 729 904 813 quicumque
939 746 1005 813 res,
1042 747 1125 809 quas
1159 727 1259 796 alteri
1294 729 1414 815 obligat
1448 732 1483 797 in

290 835 449 920 pignore:
473 850 539 900 non
561 834 674 916 solum,
697 852 779 915 quas
800 834 903 900 babet
926 832 961 899 in
983 833 1165 914 praesenti,
1191 835 1251 900 sed
1283 835 1381 901 etiam
1402 853 1486 915 quaa

293 937 433 1009 habebit
469 937 504 1004 in
541 935 663 1016 futuro,
697 937 849 1021 quamvis
882 936 1077 1004 nominatim
1113 937 1176 1005 hoc
1214 956 1280 1005 nou
1318 939 1486 1021 exprimat,

292 1041 477 1109 dinoscitur
499 1040 678 1126 obligasse.

396 1180 470 1246 563.
497 1178 550 1242 De
573 1175 771 1264 pignoribus
801 1177 938 1241 secondo
970 1175 1037 1241 loco
1071 1179 1224 1261 acceptis.
1272 1179 1337 1262 Qui
1367 1179 1489 1264 pignus

292 1285 437 1353 secundo
474 1282 547 1348 loco
582 1280 724 1364 accepit,
759 1279 809 1347 ita
843 1281 898 1365 jus
936 1296 1030 1346 suum
1068 1280 1263 1349 confirmare
1299 1288 1415 1364 potest,
1455 1284 1485 1347 si

292 1386 396 1471 priori
418 1384 563 1454 debitori
595 1383 769 1467 pecuniam
803 1384 960 1466 solveret,
993 1388 1052 1451 aut
1075 1402 1150 1450 cum
1171 1384 1361 1468 obtulisset,
1391 1389 1487 1466 isque

293 1490 449 1574 accipere
477 1487 648 1571 noluisset,
684 1506 756 1555 eam
786 1486 975 1570 obsignavit
1004 1497 1040 1553 et
1062 1487 1227 1572 deposuit,
1261 1507 1324 1556 nec
1352 1490 1385 1555 in
1406 1508 1487 1555 usus

296 1613 374 1662 suos
397 1592 574 1661 convertit.

397 1732 472 1796 564.
510 1727 599 1802 Quae
636 1730 672 1790 in
700 1729 846 1813 pr'qaoro
882 1751 946 1793 aon
982 1738 1058 1792 aunt
1092 1731 1291 1813 recipienda.
1331 1733 1423 1800 Bone
1456 1740 1496 1798 et

296 1835 482 1921 antiquitus
513 1835 699 1916 approbata
733 1836 937 1900 consuetudo
975 1837 1077 1902 causa
1111 1835 1263 1917 publicae
1300 1835 1485 1902 honestatis

297 1941 489 2008 introducta
511 1938 622 2020 babet,
646 1939 733 2017 quod
756 1937 969 2004 lectisternia
991 1946 1026 2004 et
1049 1944 1163 2005 vestes
1186 1941 1231 2006 ad
1253 1941 1495 2008 necessitatem

295 2045 394 2112 unius
418 2040 569 2118 hominio,
602 2039 632 2107 si
656 2045 708 2107 est
730 2040 915 2124 solitarius,
948 2043 1003 2109 vel
1025 2042 1091 2108 viri
1115 2049 1151 2108 et
1174 2043 1331 2126 mulieris,
1366 2045 1394 2110 si
1415 2051 1494 2111 sunt

295 2149 331 2217 in
353 2145 572 2229 matrimonio,
594 2145 809 2230 pertinentia,
833 2164 899 2214 non
919 2145 1129 2228 recipiuntur
1150 2147 1185 2212 iu
1202 2147 1341 2231 pignore
1364 2149 1492 2216 ratione

296 2251 483 2320 debitorum
514 2248 722 2334 judicialiter
751 2252 973 2318 obtentorum.
1006 2250 1132 2319 Tamen
1154 2250 1183 2317 si
1206 2251 1354 2318 creditor
1388 2271 1497 2334 aeque

296 2356 396 2424 miser
428 2363 483 2421 est
512 2358 548 2420 et
572 2371 699 2434 pauper
731 2370 805 2418 cum
837 2352 989 2420 debitore
1023 2353 1076 2420 vel
1106 2353 1312 2437 indigentior
1336 2375 1393 2424 eo:
1413 2362 1494 2424 tunc

300 2477 402 2541 super
442 2456 710 2540 impignoratione
747 2457 921 2538 praedicta
959 2476 1033 2524 cum
1070 2459 1294 2526 moderamine
1332 2459 1498 2544 facienda,

295 2564 402 2648 jurati
424 2561 603 2643 diligenter
627 2561 831 2644 cogitabunt.

400 2701 473 2765 565.
495 2698 546 2761 De
558 2699 697 2783 pignora
704 2703 778 2784 jorm
785 2702 974 2784 juramento
996 2699 1129 2768 obtento.
1146 2701 1326 2769 Possessor
1343 2703 1491 2787 pignoris

298 2809 411 2890 potest
437 2802 555 2871 melius
585 2803 619 2870 in
651 2822 750 2870 cruce
770 2803 913 2886 jurando
937 2823 1040 2887 super
1063 2806 1204 2890 pignore
1227 2807 1376 2875 debitum
1399 2826 1493 2875 suum

298 2910 461 2991 obtinere,
494 2926 590 2988 quam
605 2919 608 2925 ·
626 2906 745 2990 pignus
780 2907 845 2974 sibi
881 2908 988 2990 possit
1023 2928 1082 2991 per
1120 2915 1249 2992 partem
1290 2913 1490 2979 contrariam

301 3013 480 3082 decertari.

402 3151 474 3213 566.
497 3150 548 3214 De
571 3156 707 3233 pignano
732 3149 858 3212 obtento
880 3171 942 3233 per
963 3151 1131 3236 hospitem.
1154 3153 1287 3234 Hospes
1313 3153 1437 3223 dicitur
1458 3156 1500 3235 io,

301 3255 358 3337 qui
381 3258 516 3324 nonest
538 3254 720 3339 terrigena,
743 3254 927 3338 ueletiam,
949 3256 1006 3336 qui
1028 3262 1082 3323 est
1105 3261 1166 3325 sub
1191 3260 1334 3327 dominio
1357 3262 1494 3328 alterius

300 3357 477 3442 principis3
508 3361 543 3424 et
565 3357 595 3422 si
617 3357 695 3423 talis
718 3359 850 3425 obtinet
879 3359 1053 3441 pecuniam
1076 3380 1178 3444 super
1208 3364 1315 3431 civem
1339 3369 1374 3430 et
1392 3367 1496 3449 judex

301 3463 457 3546 providet
491 3459 556 3528 sibi
586 3462 628 3527 de
662 3461 810 3546 pignore,
843 3462 926 3530 illud
959 3482 1026 3530 non
1055 3467 1158 3534 ducet
1187 3471 1284 3534 extra
1314 3469 1493 3548 civitatem,
1576 3530 1577 3539 ,

301 3566 418 3636 sedin
443 3564 570 3648 judicio
600 3565 749 3634 civitatis
773 3570 906 3649 vendet,
940 3586 1002 3634 nec
1025 3569 1188 3653 obligabit
1210 3575 1271 3639 sub
1295 3590 1409 3656 usura,
1431 3570 1492 3639 nisi
1576 3568 1577 3653 i

302 3674 345 3739 de
367 3669 505 3737 lieentia
529 3669 622 3737 civis.

406 3811 478 3872 567.
503 3808 555 3873 Da
572 3807 769 3893 pignoribus
790 3811 918 3874 ratione
940 3814 1103 3897 temporis.
1137 3813 1344 3900 Quicumque
1366 3816 1489 3884 heredi·

302 3920 408 3982 tatem
431 3912 487 3978 vel
503 3912 623 3998 pignus
646 3912 781 3994 aliquod
798 3913 864 3980 sibi
879 3916 1074 3996 probaverit
1096 3918 1189 4001 prius
1205 3936 1280 3985 esse
1297 3921 1496 4005 obligatum:

303 4019 359 4086 ille
382 4016 476 4100 prius
507 4034 602 4083 suum
633 4017 780 4084 debitum
810 4020 974 4102 percipiet
1004 4021 1144 4105 pignore
1175 4026 1217 4090 de
1247 4026 1383 4108 eodem;
1416 4023 1497 4092 dicit

305 4123 391 4208 enim
413 4121 532 4206 regula
550 4120 653 4204 jnris:
677 4121 742 4204 Qui
766 4123 858 4204 prior
880 4129 934 4191 est
956 4129 1114 4209 tempore,
1138 4127 1248 4208 potior
1270 4134 1325 4195 est
1343 4130 1427 4214 jure.

407 4269 480 4335 568.
502 4268 553 4331 Da
572 4270 712 4355 pignore
735 4270 959 4340 ecclesiastice.
1006 4273 1123 4342 Nullus
1146 4275 1292 4356 institor,
1324 4285 1496 4359 mercator,

305 4390 410 4457 caupo
439 4372 495 4440 vel
526 4371 613 4440 alius
636 4371 761 4442 artifex
784 4384 979 4446 ornamenta
1002 4377 1234 4448 ecclesiastiea
1262 4401 1321 4463 pro
1354 4383 1497 4469 pignore,
