3275 5009
1349 345 1684 398 Brunenses.
2642 327 2713 394 45

531 558 634 619 58.
648 553 710 638 b)
756 555 858 618 De
889 553 1409 622 accusationibus
1442 554 1743 618 incendii.
1794 553 1925 618 Pro
1960 550 2153 617 minis
2187 550 2497 626 incendii,
2543 550 2722 616 Sicut.

310 659 388 725 in
418 659 686 742 legibus
720 662 791 724 et
819 657 1046 724 multis
1072 657 1337 741 juribus
1370 657 1677 737 habetur,
1708 655 2003 722 vincitur
2034 655 2278 735 aliquis
2320 655 2722 730 mettertiUS‚

307 765 622 845 quamvis
671 782 788 844 pro
834 761 1016 829 facto
1062 761 1356 828 incendii
1401 762 1490 828 sit
1535 761 2010 842 metseptimus·
2046 760 2560 827 convincendus.

814 994 1304 1075 Capitulum
1351 992 1510 1060 IIL:
1569 995 1689 1059 De
1744 993 2234 1060 advocatis.

534 1136 636 1199 59.
667 1134 835 1216 (Er.)
866 1133 967 1194 De
999 1133 1333 1195 advocatis
1368 1142 1427 1194 et
1448 1131 1982 1216 prolocutoribus
2016 1141 2321 1214 quantum
2354 1131 2441 1194 ad
2472 1130 2715 1214 officia.

313 1237 424 1304 De
487 1237 704 1305 officio
765 1239 1242 1304 advocatorum
1288 1236 1608 1305 instructi
1670 1242 1828 1302 sunt
1889 1235 1957 1302 in
2020 1235 2330 1301 consilio:
2397 1233 2465 1320 a)
2531 1234 2723 1318 Quod

316 1349 516 1409 actor
560 1348 630 1409 et
675 1361 828 1408 reus
876 1348 1161 1424 possunt
1205 1361 1328 1425 per
1375 1361 1447 1409 se
1494 1342 1675 1422 ipsos
1737 1359 1958 1407 coram
2013 1339 2267 1426 judicio
2329 1357 2719 1422 proponere,

319 1446 639 1526 quicquid
665 1447 916 1513 habent
941 1446 1283 1527 placitare.
1312 1445 1376 1530 b)
1402 1445 1924 1513 Revocationem
1948 1447 2324 1527 verborum,
2344 1462 2514 1524 quae
2537 1443 2721 1526 vulg.

317 1552 693 1634 holunge
739 1550 1008 1633 dicitur,
1063 1550 1195 1615 nisi
1242 1550 1699 1631 prolocutores
1763 1551 1972 1617 verba
2034 1568 2263 1616 eorum
2325 1552 2727 1630 proponunt,

317 1673 455 1720 non
501 1655 789 1736 habent3
834 1655 991 1720 inde
1037 1655 1493 1721 necessarium
1541 1662 1648 1721 est
1696 1661 1765 1719 et
1810 1653 1994 1736 utile,
2043 1655 2217 1734 quod
2265 1651 2720 1732 unusquisque

320 1777 446 1841 per
523 1761 919 1826 advocatum
987 1767 1317 1839 proponat
1386 1763 1457 1824 et
1522 1761 1947 1840 respondeat,
2024 1757 2342 1837 quidquid
2406 1754 2721 1821 habuerit

321 1862 687 1943 querulari.
736 1863 962 1928 Judex
1008 1880 1170 1946 ergo
1215 1863 1463 1928 homini
1501 1865 1688 1947 juste
1744 1861 2003 1944 petenti
2065 1863 2459 1927 advocatum
2524 1861 2723 1924 dene-

323 1984 494 2050 gare
540 1985 674 2032 non
720 1966 941 2032 debet.
985 1967 1044 2050 c)
1077 1965 1232 2031 Etsi
1263 1967 1392 2030 duo
1428 1984 1628 2032 unum
1662 1964 1929 2032 insimul
1959 1965 2281 2047 petierint
2313 1965 2725 2045 advocatum,

324 2071 583 2153 primus
645 2087 792 2134 eum
863 2069 1202 2151 obtineat3
1270 2076 1496 2136 tamen
1561 2070 1620 2136 si
1680 2069 1855 2135 idem
1915 2071 2284 2136 advocatus
2350 2086 2469 2151 per
2531 2084 2725 2132 unam

323 2180 588 2256 partem
635 2180 793 2238 ante
842 2174 1072 2238 horam
1096 2172 1330 2255 judicii
1364 2173 1580 2256 pretio
1612 2172 1822 2239 fuerit
1854 2175 2239 2256 conductuS,
2272 2189 2391 2254 pro
2424 2172 2561 2254 illa,
2594 2189 2727 2237 non

331 2282 653 2345 obstante
701 2277 1030 2360 petitione
1075 2277 1376 2361 alteriue,
1421 2279 1797 2344 advocabit.
1846 2278 1917 2363 cl)
1961 2278 2186 2344 Judex
2232 2277 2432 2342 etiam
2482 2275 2727 2357 videat,

323 2403 411 2450 ne
461 2402 578 2465 per
636 2388 946 2464 potentes
1009 2382 1200 2462 copia
1262 2382 1741 2448 advocatorum
1800 2382 2205 2464 pauperibus
2268 2380 2726 2462 subtrahatur,

324 2488 456 2554 imo
497 2489 707 2572 judex
754 2505 836 2553 ex
870 2485 1087 2552 officio
1127 2486 1328 2551 debet
1359 2504 1491 2551 non
1520 2485 1925 2551 habentibus
1960 2487 2326 2551 advocatos
2358 2483 2727 2565 assignare.

325 2590 390 2675 e)
438 2591 679 2657 Potest
728 2589 930 2655 etiam
965 2590 1154 2654 homo
1189 2591 1398 2656 verba
1432 2589 1747 2656 advocati
1779 2591 1882 2656 sui
1912 2590 2021 2655 vel
2056 2607 2174 2670 per
2196 2587 2491 2669 jndicem
2522 2586 2728 2653 inter-

324 2700 606 2778 rogatus
648 2694 760 2759 vel
793 2711 913 2775 per
945 2711 1020 2759 se
1052 2692 1386 2758 affirmare
1419 2694 1530 2759 vel
1560 2712 1829 2776 negare.
1862 2692 1948 2778 f)
1981 2694 2130 2759 Uno
2166 2693 2369 2758 etiam
2401 2693 2726 2758 advocato

324 2800 584 2882 rejecto
618 2797 820 2863 alium
853 2797 1082 2864 statim
1116 2802 1343 2879 potest
1376 2815 1737 2876 assumere,
1767 2798 2043 2864 licentia
2065 2797 2311 2879 judicis
2342 2798 2726 2862 accedente.

540 2956 644 3018 60.
677 2953 860 3040 (ΒΨ.)
897 2954 997 3016 Dc
1031 2955 1364 3016 advocatis
1415 2963 1473 3015 et
1511 2951 2060 3036 prolocutoribus,
2110 2963 2417 3037 quantum
2458 2952 2547 3014 ad
2572 2972 2730 3034 pro-

326 3058 727 3135 hibitionem,
770 3058 1249 3120 eaecusationcm
1299 3065 1357 3117 ct
1376 3077 1677 3144 poenam.
1725 3054 1799 3122 Si
1831 3061 2021 3122 actor
2051 3056 2300 3125 invitat
2329 3058 2728 3123 advocatum

326 3165 413 3229 ad
459 3164 719 3228 domum
766 3178 954 3227 Suam
1015 3163 1087 3225 θῒι
1147 3177 1370 3226 GOl‘am
1432 3158 1661 3226 amicis
1724 3160 1862 3225 SUiS
1924 3165 2190 3227 Secreta
2256 3177 2501 3227 GaUSaG
2564 3177 2727 3225 Suae
2819 3195 2831 3205 ·

326 3267 596 3334 ratione
641 3265 901 3331 consilii
949 3264 1077 3331 sibi
1123 3266 1418 3330 revelat:
1465 3264 1622 3330 talis
1671 3267 2038 3330 advocatus
2085 3269 2319 3348 postea
2351 3264 2422 3330 in
2457 3263 2725 3347 judicic,

329 3369 711 3453 excipiente
750 3373 997 3450 actore,
1030 3369 1114 3432 ad
1147 3369 1607 3434 advocandum
1640 3373 1877 3433 contra
1907 3369 2125 3449 ipsum
2159 3387 2277 3450 pro
2309 3387 2424 3436 reo
2456 3367 2722 3433 admitti

329 3493 464 3542 non
526 3476 742 3540 debet.
803 3471 877 3538 Si
939 3491 1148 3539 causa
1192 3472 1429 3555 partis,
1476 3491 1674 3552 quam
1718 3471 1901 3538 fovet
1947 3474 2335 3550 advocatus,
2381 3470 2726 3537 induciata

331 3597 452 3646 seu
499 3595 825 3659 suspensa
868 3576 1092 3658 fuerit,
1139 3578 1423 3642 durante
1486 3575 1611 3642 tali
1670 3576 2111 3657 suspensione
2174 3564 2543 3645 advocatus
2607 3593 2727 3657 pro

327 3689 527 3766 parte
574 3681 911 3747 contraria
959 3681 1028 3744 in
1074 3682 1303 3746 eadem
1351 3697 1556 3746 causa
1601 3681 1685 3745 de
1723 3681 1879 3763 jure
1924 3681 2257 3746 advocare
2326 3698 2457 3744 non
2506 3681 2727 3744 debet.

330 3787 402 3854 Si
449 3787 818 3852 advocatus
880 3803 999 3866 pro
1055 3783 1269 3850 officio
1332 3783 1793 3849 advocationis
1855 3791 2154 3867 rogatus,
2218 3784 2481 3865 publice
2545 3783 2732 3849 dicat

330 3891 430 3956 sic
500 3890 822 3972 „Domine
878 3889 1105 3972 judex,
1167 3888 1303 3954 scio
1351 3888 1690 3955 veraciter
1737 3906 2003 3953 causam
2050 3888 2209 3953 talis
2259 3887 2541 3953 hominis
2577 3903 2727 3976 esse

328 3995 669 4079 injustam,
717 4011 924 4073 quare
970 4001 1125 4074 peto
1174 3999 1410 4058 contra
1457 3991 1934 4058 conscientiam
1987 4010 2198 4058 meam
2247 3993 2331 4057 ad
2379 3990 2732 4058 fovendam

329 4099 548 4182 ipsam
593 4115 696 4163 me
742 4115 864 4179 per
908 4115 1029 4165 vos
1082 4097 1651 4178 nonfcompellffl:
1708 4097 1935 4180 judeX,
2001 4096 2059 4161 si
2122 4098 2493 4163 advocatus
2548 4097 2732 4179 jura-

329 4209 556 4270 mento
591 4220 710 4269 suo
742 4202 861 4266 hoc
895 4200 1407 4278 confirmaverit,
1438 4203 1836 4268 advocatum
1868 4219 1988 4280 pro
2023 4216 2225 4265 causa
2256 4200 2381 4265 tali
2426 4201 2731 4266 ducenda

332 4314 574 4375 contra
620 4305 836 4370 Deum
884 4310 952 4370 et
991 4303 1324 4389 justitiam
1369 4322 1502 4369 non
1546 4304 1919 4385 compellat.
1966 4303 2111 4369 Ista
2143 4310 2368 4369 tamen
2402 4303 2729 4369 confessio
