3275 5009
269 337 321 389 208
786 336 952 391 Sententiae

269 542 371 629 pretii
393 543 574 610 communis
598 541 764 626 pastoris3'
794 546 946 627 exceptis
978 544 1142 625 aliquibus
1166 543 1265 630 villis,
1288 545 1323 614 in
1346 545 1472 626 quibus

268 650 362 716 homo
387 647 539 713 admiuus
561 649 688 715 habeus
711 649 811 715 trium
835 648 1004 715 laneorum
1032 668 1132 734 agros
1156 668 1197 716 ex
1225 650 1472 717 consuetudine

269 758 406 834 propter
429 769 625 835 pascuorum
648 753 881 823 diversitatem
905 753 1081 834 opilionem
1115 755 1239 821 habere
1270 759 1383 836 potest
1405 772 1466 835 pro

268 855 385 923 ovibus
409 856 595 938 specialem.
621 893 659 904 -
686 856 720 923 si
746 857 873 939 pastori
902 858 1064 924 communi
1087 859 1231 926 solvitur
1256 857 1399 940 pretium
1424 860 1472 924 de·

267 959 385 1043 laneis,
405 966 485 1028 tune
508 980 549 1027 ue
566 961 648 1027 villa
664 967 799 1044 pastore
817 969 942 1046 careat,
958 963 1067 1029 adhuc
1084 963 1210 1030 habeus
1227 962 1413 1045 opilionem,
1428 966 1465 1028 ut

269 1064 486 1146 praemissum
510 1070 570 1148 est,
604 1068 646 1132 de
670 1067 777 1132 laneis
801 1067 870 1133 suis
894 1067 1024 1148 pastori
1054 1067 1197 1149 pretium
1228 1067 1346 1149 solvet,
1376 1067 1464 1132 sicut

268 1167 399 1234 vicinus
423 1187 512 1235 suus.
536 1205 577 1215 -
601 1169 723 1235 Pastor
747 1171 945 1251 quicumque
975 1173 1017 1238 de
1040 1171 1214 1252 pecoribus
1244 1178 1325 1238 aute
1356 1172 1464 1252 ipsum

269 1272 373 1355 pulsis
395 1273 517 1346 iterum
541 1274 575 1338 in
598 1272 711 1339 villam
743 1293 807 1340 uon
839 1274 1017 1357 impulerit,
1047 1276 1105 1342 illa
1135 1276 1262 1355 solvet3
1296 1277 1356 1342 sed
1380 1293 1472 1356 quae·

256 1395 329 1460 per
351 1379 552 1457 praedonem
575 1378 629 1444 vel
653 1378 764 1460 lupum
788 1384 887 1460 rapta
909 1378 1044 1463 fuerint,
1064 1380 1093 1445 si
1117 1399 1273 1461 supereo
1290 1396 1464 1461 perunum

268 1485 391 1547 testem
414 1481 590 1548 clamorem
625 1500 661 1549 se
696 1481 817 1548 iecisse
852 1484 1058 1567 probaverit,
1092 1484 1150 1550 illa
1182 1502 1249 1550 uou
1276 1485 1395 1552 solvet.
1419 1482 1465 1548 Et

269 1585 348 1651 talis
387 1585 495 1664 testis,
533 1587 612 1666 quia
649 1594 766 1668 pastor
796 1593 850 1653 est
888 1588 922 1653 11
960 1588 1095 1672 campis,
1129 1607 1211 1671 puer
1248 1589 1301 1655 vel
1347 1587 1466 1654 mulier

269 1707 344 1756 esse
367 1694 486 1772 potest.
511 1728 552 1738 -
575 1689 612 1756 Si
633 1709 733 1757 unum
757 1709 858 1773 pecus
880 1691 986 1758 laedit
1010 1692 1110 1775 aliud,
1143 1698 1178 1757 et
1202 1696 1317 1773 pastor
1340 1710 1402 1773 pro
1426 1709 1472 1758 eo

268 1791 371 1859 fuerit
403 1799 593 1877 accusatus,
627 1797 655 1862 si
678 1795 752 1861 vult
782 1795 942 1863 innocens
976 1796 1058 1879 fieri,
1092 1800 1154 1863 sub
1184 1797 1375 1880 juramento
1406 1813 1468 1863 suo

269 1898 510 1964 demonstrabit
532 1899 574 1981 id,
605 1902 693 1980 quod
723 1900 813 1966 aliud
843 1900 957 1983 laesit;
993 1919 1057 1980 quo
1089 1900 1178 1966 lacto
1206 1901 1331 1967 laesum
1363 1918 1473 1981 pecus-

270 2018 329 2083 per
356 2000 487 2084 iuratos
516 2009 669 2071 taxatum
700 2005 851 2070 domiuus
884 2005 1023 2088 pecoris,
1057 2007 1144 2085 quod
1174 2003 1341 2070 laesuram
1375 2005 1466 2086 fecit,

269 2108 313 2171 ad
346 2125 439 2173 suum
474 2108 642 2175 stabulum
680 2107 831 2192 recipiet,
868 2109 976 2193 ipsum
1011 2127 1153 2191 pascens
1192 2116 1226 2174 et
1264 2109 1467 2192 custodiam,

270 2227 438 2292 quousque
460 2213 503 2277 ad
527 2230 676 2293 campum
700 2213 749 2278 ire
774 2217 893 2295 puteus
916 2231 997 2279 vero
1014 2213 1144 2279 domiuo
1167 2231 1282 2280 sanum
1305 2213 1468 2279 restituat

270 2317 305 2379 et
327 2314 486 2398 assignet.
510 2315 546 2382 Si
569 2334 648 2384 vero
682 2315 717 2382 iu
740 2318 811 2401 ejus
835 2321 1004 2398 potestate
1027 2321 1192 2384 mortuum
1214 2317 1324 2398 fuerit,
1351 2322 1466 2384 taram

269 2418 387 2486 solvet.
420 2456 464 2466 —
497 2421 533 2487 si
567 2427 683 2503 pastor
707 2427 895 2505 accusatur,
929 2423 1015 2502 quod
1048 2440 1148 2503 pecus
1179 2424 1223 2488 ad
1256 2422 1369 2489 villam
1400 2440 1473 2489 non

269 2523 446 2608 impulerit,
469 2543 528 2591 suo
553 2526 741 2608 juramento
771 2544 808 2592 se
840 2526 1055 2609 expurgabit3
1090 2531 1202 2592 tamen
1232 2526 1261 2592 si
1291 2526 1384 2592 faeta
1406 2526 1467 2591 im·

269 2627 421 2709 pulsione
443 2647 547 2710 pecus
578 2631 708 2695 domum
738 2648 804 2695 nou
829 2630 970 2713 venerit,
1001 2635 1036 2695 et
1060 2630 1210 2697 dominus
1233 2629 1364 2711 pecoris
1392 2649 1472 2696 cum.

270 2733 395 2799 duobus
429 2736 542 2814 probis
573 2732 656 2800 viris
688 2740 857 2815 pastorem
886 2735 1071 2802 accesserit
1105 2740 1140 2800 et
1169 2737 1211 2800 de
1241 2752 1361 2825 pecore
1391 2753 1467 2816 per·

270 2838 340 2902 dito
372 2831 620 2919 impulsarerit:
655 2841 735 2906 tuuc
758 2843 876 2922 pastor
904 2839 1148 2923 expurgatione
1177 2844 1333 2905 cessante
1364 2856 1467 2922 pecus

270 2941 387 3008 solvet.
410 2979 452 2990 -
475 2941 512 3008 Si
534 2947 650 3025 pastor
674 2943 765 3009 dicat
795 2960 898 3025 pecus
921 2946 1000 3010 ante
1031 2961 1068 3010 se
1098 2943 1229 3026 pulsum
1257 2961 1325 3009 non
1353 2942 1475 3026 fuisse,

270 3045 420 3111 domiuus
444 3048 573 3128 pecoris
598 3067 670 3115 eum
693 3049 824 3114 duobus
847 3047 939 3130 viris,
972 3047 1028 3127 qui
1051 3047 1217 3130 viderunt,
1251 3041 1368 3114 melius
1392 3066 1465 3128 pro·

269 3149 373 3232 babit,
388 3151 474 3230 quod
499 3169 600 3233 pecus
623 3159 702 3220 ante
725 3157 895 3234 pastorem
913 3151 1089 3235 depulerit,
1105 3169 1203 3232 quam
1225 3156 1344 3232 pastor
1358 3151 1466 3234 possit

270 3270 361 3318 suam
383 3254 608 3321 innocentiam
630 3256 871 3321 demonstrare.

373 3355 584 3425 Consuetudo
617 3364 730 3425 tamen
764 3358 970 3442 singularum
1008 3357 1163 3425 villarum
1201 3359 1235 3424 in
1270 3358 1471 3442 praemissis·

269 3460 421 3529 omuibus
443 3480 503 3544 pro
526 3461 600 3547 lege
624 3469 678 3529 est
698 3465 856 3530 tenenda.

373 3584 414 3650 In
444 3583 520 3650 aliis
549 3585 698 3652 omuibus
729 3585 992 3653 necessitatibus
1018 3584 1185 3668 ruralium,
1220 3583 1377 3664 quicquid
1400 3590 1476 3650 ma·-

269 3687 377 3771 gister
398 3687 597 3756 rusticorum
628 3692 786 3768 quantum
816 3690 860 3754 ad
883 3689 1017 3771 villana,
1046 3687 1247 3771 campestria
1278 3693 1313 3754 61
1336 3686 1466 3755 silvana
1541 3748 1543 3753 .

269 3810 328 3874 pro
351 3792 501 3858 utilitate
532 3790 634 3858 villae
658 3791 894 3860 cumconsilio
919 3792 1026 3876 partis
1056 3790 1190 3876 majoris
1220 3790 1477 3857 communitatis-

269 3895 429 3963 statuerit
452 3901 486 3961 61
510 3895 724 3980 ordinaverit,
740 3896 802 3962 boc
826 3895 933 3961 minor
955 3914 1034 3978 pars
1050 3901 1160 3962 ratum
1183 3894 1321 3961 habebit
1344 3901 1379 3961 et
1401 3912 1467 3960 uon

269 4001 395 4082 poterit
424 3998 616 4067 reclamare.
655 3999 691 4066 Si
720 4016 823 4081 pecus
857 4001 901 4065 ad
935 4001 1137 4083 pascendum
1171 3998 1296 4066 alicubi
1329 3997 1473 4065 missum

268 4102 371 4171 fuerit
393 4108 429 4169 et
451 4103 574 4170 ibidem
596 4103 767 4188 moriatur,
795 4103 1021 4171 deterioratur
1042 4103 1098 4171 vel
1119 4121 1180 4204 per
1202 4103 1390 4185 praedones
1412 4121 1464 4170 ra·

268 4208 397 4291 piatur:
420 4207 485 4290 ille,
508 4206 562 4274 cui
584 4206 720 4273 missum
742 4206 814 4291 1111,
837 4207 947 4287 ipsum
969 4226 1036 4274 non
1058 4207 1184 4288 solvet3
1205 4207 1237 4273 si
1257 4211 1371 4274 tamen
1394 4207 1467 4274 tale

269 4315 443 4396 dampnum
479 4311 591 4395 pecori
628 4329 694 4378 uon
728 4311 862 4378 accedit
898 4328 960 4377 sua
994 4310 1201 4395 negligentia
1235 4309 1390 4380 iaciente.
1428 4309 1474 4376 Si
