3275 5009
675 362 842 415 Brunenses.
1304 362 1356 414 239

147 575 318 642 civitates
342 574 531 658 visitantes,
554 576 595 640 de
619 573 714 639 bonis
737 577 774 638 et
796 573 960 638 mercibus
984 572 1054 638 suis
1076 571 1267 638 theloneum
1291 590 1355 636 non

156 680 309 748 solvant:
333 677 574 744 lamentorum
597 679 632 744 in
656 676 852 744 civitatibus
874 695 940 742 non
964 680 1166 756 quaerentes
1190 677 1356 758 debonis,

147 800 245 864 uuae
269 784 499 859 transducunt,
530 785 573 849 ad
597 781 790 848 solvendum
822 781 1021 863 theloneum,
1052 779 1140 844 siout
1168 779 1244 845 aliis
1274 784 1357 845 tem·

150 887 307 970 poribus,
330 892 410 953 sunt
433 887 575 953 astricti.

265 1045 338 1110 629.
354 1043 405 1106 Do
417 1043 554 1106 ttotonei
565 1041 759 1105 deductione.
779 1041 843 1124 Qui
859 1045 946 1109 bona
961 1060 1023 1108 sua
1038 1041 1143 1107 stulte
1158 1043 1357 1124 ponderans,

155 1149 352 1216 theloneum
375 1148 520 1227 deducit,
544 1165 609 1213 non
633 1151 746 1229 potest
768 1147 835 1212 alio
858 1150 1016 1229 tempore,
1040 1147 1068 1211 si
1084 1147 1281 1229 revertitur,
1297 1164 1358 1228 per

147 1253 404 1320 thelonearium
438 1254 482 1317 ad
516 1253 709 1318 solvendum
748 1250 940 1316 theloneum
974 1253 1151 1316 deductum
1186 1250 1358 1332 oomp'elli3

156 1361 263 1438 debet
287 1357 374 1424 enim
397 1356 625 1423 thelonearius
648 1355 791 1444 vigilare
823 1372 925 1437 super
954 1355 1121 1422 solutione
1153 1354 1301 1421 thelonei
1324 1369 1359 1420 et

149 1481 228 1530 non
252 1462 405 1527 dormire.

267 1602 340 1665 630.
371 1601 420 1663 De
445 1598 584 1662 theloneo
615 1599 796 1683 1119111111
823 1601 910 1661 dioto
935 1597 1101 1686 „olffortl
1135 1599 1185 1665 De
1209 1599 1360 1682 annonis,

159 1705 262 1787 vinis,
273 1704 492 1772 lectisterniis
510 1709 545 1770 et
561 1704 701 1789 singulis
718 1703 794 1770 aliis
810 1705 920 1780 rebus,
937 1722 1021 1785 quas
1036 1704 1192 1770 extranei
1209 1709 1359 1785 ternpore

150 1811 352 1878 discordiae
375 1829 434 1876 seu
456 1828 598 1893 guerrae
621 1812 663 1875 ad
686 1809 845 1875 civitates
869 1826 970 1874 eausa
994 1807 1239 1875 observationis
1272 1809 1361 1874 siout

151 1917 207 1982 ad
229 1914 338 1981 looum
360 1918 469 1980 tutum
493 1916 619 1979 duouut
643 1918 677 1978 et
699 1918 818 1995 postea
841 1912 963 1977 iterum
983 1913 1159 1995 deducunt,
1175 1913 1301 1978 nullum
1317 1914 1359 1978 de

147 2019 238 2103 „jure
255 2020 444 2085 theloneum
460 2023 514 2084 est
529 2019 733 2084 solvendum.
757 2016 798 2082 It.
822 2017 900 2099 Res,
917 2019 959 2082 de
975 2017 1095 2096 quibus
1111 2016 1303 2083 theloneum
1318 2017 1361 2081 de

146 2127 235 2210 „juro
259 2140 325 2189 nou
352 2123 460 2206 datur,
490 2140 532 2187 ex
562 2120 761 2188 obmissione
791 2137 851 2186 sen
882 2120 1093 2203 neglectione
1124 2121 1272 2186 thelonei
1295 2138 1361 2186 non

162 2230 361 2312 perduntur.
385 2225 465 2291 Cum
489 2231 600 2292 autem
623 2225 710 2291 aliae
732 2243 787 2290 res
810 2223 968 2290 theloneo
984 2225 1157 2308 subjectae
1173 2243 1243 2291 oum
1260 2224 1361 2291 dietis

155 2334 268 2400 rebus
292 2331 423 2397 oooulte
446 2332 664 2412 deducuntur,
686 2335 768 2395 tuno
792 2333 891 2394 oaute
910 2329 1088 2394 videndum
1104 2335 1167 2412 est,
1183 2329 1261 2410 quid
1276 2329 1362 2413 juris

152 2437 209 2504 sit
233 2435 269 2502 iu
291 2435 416 2502 talibus
440 2439 541 2502 rebus
565 2435 726 2514 utrisque.

367 2626 614 2709 Capitulum
637 2624 765 2691 LXIV:
788 2624 848 2690 De
872 2624 1166 2691 testamentis.

259 2766 344 2829 631.
377 2765 428 2827 De
459 2766 658 2828 testamentis
691 2766 726 2827 11
757 2785 870 2849 quaero
903 2774 935 2826 et
968 2765 1123 2846 quomodo
1152 2765 1359 2829 ordinantur.

150 2871 416 2939 ‘destamentum
447 2888 489 2936 ex
512 2888 550 2936 eo
574 2868 772 2952 appellatur,
803 2868 890 2948 quod
919 2867 1059 2935 testatio
1090 2869 1211 2935 mentis
1243 2871 1304 2952 est,
1327 2873 1363 2935 et

151 2977 269 3042 debet
291 2974 365 3042 fieri
387 2993 499 3042 eoram
522 2975 667 3040 testibus
691 2974 873 3040 seeundum
890 2973 1163 3040 cousuetudinem
1180 2973 1363 3058 civitatum,

153 3081 240 3147 sive
266 3077 335 3146 siut
354 3079 460 3163 Jurati
483 3079 555 3146 sive
585 3097 651 3144 uon
685 3079 754 3145 sint
784 3075 907 3159 jurati3
941 3082 977 3143 et
1010 3079 1135 3144 debent
1168 3079 1254 3145 tales
1289 3097 1366 3146 esse

157 3183 284 3252 uooati
306 3187 341 3249 et
362 3183 532 3250 instanter
555 3183 666 3267 rogati
689 3201 750 3265 per
772 3185 981 3248 testatorem.
1004 3182 1051 3247 Et
1066 3183 1138 3251 sive
1154 3182 1242 3249 tales
1256 3188 1365 3252 testes

161 3291 231 3356 sub
257 3286 377 3370 sigillis
400 3292 638 3354 testamentum
663 3286 886 3370 conseribant,
910 3287 965 3354 vel
987 3289 1021 3353 iu
1043 3287 1201 3353 memoria
1217 3292 1367 3371 teneant,

155 3409 304 3475 „semper
326 3391 428 3460 valet.
452 3383 594 3459 'Mortuo
629 3392 729 3458 etiam
756 3397 923 3458 testatore
954 3396 1191 3482 testamentum
1215 3397 1268 3457 est
1291 3413 1366 3476 pro·

167 3496 401 3578 nuntiandum,
435 3501 473 3563 ut
504 3496 562 3580 illi,
596 3496 715 3576 quibus
749 3501 829 3562 sunt
862 3499 948 3562 bona
982 3497 1105 3581 legata,
1139 3513 1159 3560 a
1192 3495 1308 3562 litibus
1332 3499 1367 3561 11

165 3593 294 3689 judicio
317 3601 520 3678 1116161111.Ι

170 3714 175 3748 ³
275 3705 322 3771 ut
343 3705 437 3789 leges
460 3706 586 3787 volunt,
610 3705 696 3785 quod
720 3708 926 3778 testamenta
948 3721 1059 3769 eoram
1076 3707 1203 3783 septem
1220 3701 1366 3769 testibus

157 3808 410 3889 deridebant,
440 3813 551 3875 tamen
583 3809 645 3874 hoo
677 3809 857 3874 seeundum
885 3809 942 3892 jus
974 3806 1073 3873 civile
1105 3824 1171 3872 non
1201 3811 1367 3885 servatur,

112 3907 116 3912 ‘
157 3913 250 3996 unia
273 3912 374 3979 etiam
397 3930 483 3978 unus
506 3911 673 3995 suabinus,
701 3913 835 3996 juratus
859 3911 914 3977 vel
935 3911 994 3976 alii
1017 3912 1080 3977 duo
1103 3909 1262 3994 fidedigni
1285 3929 1367 3976 non·

163 4015 313 4100 11111111,
337 4015 371 4083 11
393 4020 597 4082 testamento
621 4033 680 4097 pro
703 4015 849 4082 testibus
872 4014 1103 4081 admittuntur.

278 4121 344 4188 Sed
366 4137 432 4186 uon
456 4137 567 4186 omues
590 4118 740 4185 homines
763 4123 903 4202 possunt
924 4136 999 4185 esse
1014 4123 1122 4184 testes
1138 4117 1175 4182 in
1190 4118 1254 4184 hoo
1268 4117 1368 4202 faoto,

159 4225 253 4307 buia
275 4243 382 4306 noque
402 4222 529 4308 mulier,
545 4240 653 4304 neque
669 4223 828 4305 impubes,
843 4241 952 4302 neque
968 4239 1095 4305 servus,
1111 4240 1218 4302 neque
1234 4223 1370 4307 amieos,

161 4348 280 4412 neque
302 4335 423 4413 mutus,
445 4346 553 4409 neque
580 4330 709 4406 surdus,
740 4344 849 4408 neque
878 4325 1032 4404 furiosus,
1062 4343 1171 4405 neque
1201 4325 1369 4410 improbus
