<?xml version="1.0" encoding="UTF-8"?>
<!DOCTYPE html PUBLIC "-//W3C//DTD XHTML 1.0 Transitional//EN"
    "http://www.w3.org/TR/xhtml1/DTD/xhtml1-transitional.dtd">
<html xmlns="http://www.w3.org/1999/xhtml" xml:lang="en" lang="en">
 <head>
  <title>
</title>
<meta http-equiv="Content-Type" content="text/html;charset=utf-8" />
  <meta name='ocr-system' content='tesseract 3.04.00' />
  <meta name='ocr-capabilities' content='ocr_page ocr_carea ocr_par ocr_line ocrx_word'/>
</head>
<body>
  <div class='ocr_page' id='page_1' title='image "./codexjurisbohem00unkngoog_0046.png"; bbox 0 0 3275 5009; ppageno 0'>
   <div class='ocr_carea' id='block_1_1' title="bbox 212 350 904 404">
    <p class='ocr_par' dir='ltr' id='par_1_1' title="bbox 212 350 904 404">
     <span class='ocr_line' id='line_1_1' title="bbox 212 350 904 404; baseline 0.003 -2"><span class='ocrx_word' id='word_1_1' title='bbox 212 350 256 402; x_wconf 81' lang='lat'>30</span> <span class='ocrx_word' id='word_1_2' title='bbox 739 350 904 404; x_wconf 82' lang='lat' dir='ltr'>Sententiae</span> 
     </span>
    </p>
   </div>
   <div class='ocr_carea' id='block_1_2' title="bbox 217 556 1423 748">
    <p class='ocr_par' dir='ltr' id='par_1_2' title="bbox 217 556 1423 748">
     <span class='ocr_line' id='line_1_2' title="bbox 217 556 1422 642; baseline 0.001 -20"><span class='ocrx_word' id='word_1_3' title='bbox 217 556 366 624; x_wconf 87' lang='lat' dir='ltr'>testibus</span> <span class='ocrx_word' id='word_1_4' title='bbox 383 558 560 642; x_wconf 86' lang='lat' dir='ltr'>fidedignis</span> <span class='ocrx_word' id='word_1_5' title='bbox 577 559 724 642; x_wconf 82' lang='lat' dir='ltr'>ueniens,</span> <span class='ocrx_word' id='word_1_6' title='bbox 742 577 835 624; x_wconf 85' lang='lat' dir='ltr'>suam</span> <span class='ocrx_word' id='word_1_7' title='bbox 852 557 1077 626; x_wconf 81' lang='lat' dir='ltr'>innocentiam</span> <span class='ocrx_word' id='word_1_8' title='bbox 1093 557 1289 640; x_wconf 86' lang='lat' dir='ltr'>ostenderit,</span> <span class='ocrx_word' id='word_1_9' title='bbox 1311 557 1422 624; x_wconf 88' lang='lat' dir='ltr'>adbuc</span> 
     </span>
     <span class='ocr_line' id='line_1_3' title="bbox 217 660 1423 748; baseline 0 -20"><span class='ocrx_word' id='word_1_10' title='bbox 217 665 363 729; x_wconf 82' lang='lat' dir='ltr'>deberet</span> <span class='ocrx_word' id='word_1_11' title='bbox 385 662 527 745; x_wconf 81' lang='lat' dir='ltr'>admitti,</span> <span class='ocrx_word' id='word_1_12' title='bbox 544 681 605 730; x_wconf 86' lang='lat' dir='ltr'>nec</span> <span class='ocrx_word' id='word_1_13' title='bbox 622 669 789 744; x_wconf 85' lang='lat' dir='ltr'>tamquam</span> <span class='ocrx_word' id='word_1_14' title='bbox 806 664 952 748; x_wconf 87' lang='lat' dir='ltr'>injustus</span> <span class='ocrx_word' id='word_1_15' title='bbox 968 662 1160 744; x_wconf 86' lang='lat' dir='ltr'>aliqualiter</span> <span class='ocrx_word' id='word_1_16' title='bbox 1176 660 1423 742; x_wconf 89' lang='lat' dir='ltr'>condempnari.</span> 
     </span>
    </p>
   </div>
   <div class='ocr_carea' id='block_1_3' title="bbox 214 850 1423 1458">
    <p class='ocr_par' dir='ltr' id='par_1_3' title="bbox 214 850 1423 1458">
     <span class='ocr_line' id='line_1_4' title="bbox 324 850 1423 940; baseline -0.002 -25"><span class='ocrx_word' id='word_1_17' title='bbox 324 853 376 920; x_wconf 82' lang='lat'>12.</span> <span class='ocrx_word' id='word_1_18' title='bbox 399 850 501 916; x_wconf 85' lang='lat' dir='ltr'>Actor</span> <span class='ocrx_word' id='word_1_19' title='bbox 523 850 573 916; x_wconf 83' lang='lat' dir='ltr'>ccl</span> <span class='ocrx_word' id='word_1_20' title='bbox 595 873 671 918; x_wconf 81' lang='lat' dir='ltr'>reue</span> <span class='ocrx_word' id='word_1_21' title='bbox 689 862 835 937; x_wconf 77' lang='lat' dir='ltr'>propter</span> <span class='ocrx_word' id='word_1_22' title='bbox 854 853 1075 940; x_wconf 61' lang='lat' dir='ltr'>cynoraatiam</span> <span class='ocrx_word' id='word_1_23' title='bbox 1097 852 1240 914; x_wconf 81' lang='lat' dir='ltr'>notionis</span> <span class='ocrx_word' id='word_1_24' title='bbox 1258 860 1288 915; x_wconf 83' lang='lat' dir='ltr'>et</span> <span class='ocrx_word' id='word_1_25' title='bbox 1297 864 1423 936; x_wconf 79' lang='lat' dir='ltr'>poren-</span> 
     </span>
     <span class='ocr_line' id='line_1_5' title="bbox 220 953 1420 1042; baseline 0.003 -25"><span class='ocrx_word' id='word_1_26' title='bbox 220 953 302 1020; x_wconf 83' lang='lat' dir='ltr'>tclae</span> <span class='ocrx_word' id='word_1_27' title='bbox 325 977 388 1018; x_wconf 82' lang='lat' dir='ltr'>non</span> <span class='ocrx_word' id='word_1_28' title='bbox 410 967 459 1019; x_wconf 81' lang='lat' dir='ltr'>cet</span> <span class='ocrx_word' id='word_1_29' title='bbox 482 979 503 1020; x_wconf 83' lang='lat' dir='ltr'>a</span> <span class='ocrx_word' id='word_1_30' title='bbox 518 957 649 1042; x_wconf 81' lang='lat' dir='ltr'>judicio</span> <span class='ocrx_word' id='word_1_31' title='bbox 673 956 888 1042; x_wconf 76' lang='lat' dir='ltr'>repellendus.</span> <span class='ocrx_word' id='word_1_32' title='bbox 910 958 963 1025; x_wconf 83' lang='lat' dir='ltr'>Ab</span> <span class='ocrx_word' id='word_1_33' title='bbox 987 959 1116 1039; x_wconf 81' lang='lat' dir='ltr'>egendo</span> <span class='ocrx_word' id='word_1_34' title='bbox 1139 957 1420 1037; x_wconf 85' lang='lat' dir='ltr'>etrespondendo</span> 
     </span>
     <span class='ocr_line' id='line_1_6' title="bbox 216 1060 1420 1154; baseline 0 -28"><span class='ocrx_word' id='word_1_35' title='bbox 216 1079 288 1128; x_wconf 84' lang='lat' dir='ltr'>non</span> <span class='ocrx_word' id='word_1_36' title='bbox 312 1063 365 1126; x_wconf 85' lang='lat' dir='ltr'>est</span> <span class='ocrx_word' id='word_1_37' title='bbox 388 1061 462 1128; x_wconf 88' lang='lat' dir='ltr'>ideo</span> <span class='ocrx_word' id='word_1_38' title='bbox 487 1061 607 1142; x_wconf 84' lang='lat' dir='ltr'>aliquis</span> <span class='ocrx_word' id='word_1_39' title='bbox 631 1062 854 1145; x_wconf 82' lang='lat' dir='ltr'>repellendae,</span> <span class='ocrx_word' id='word_1_40' title='bbox 878 1063 964 1143; x_wconf 91' lang='lat' dir='ltr'>quod</span> <span class='ocrx_word' id='word_1_41' title='bbox 989 1061 1059 1142; x_wconf 78' lang='lat' dir='ltr'>eJ&#39;us</span> <span class='ocrx_word' id='word_1_42' title='bbox 1083 1060 1258 1143; x_wconf 84' lang='lat' dir='ltr'>generatio</span> <span class='ocrx_word' id='word_1_43' title='bbox 1280 1079 1345 1126; x_wconf 90' lang='lat' dir='ltr'>non</span> <span class='ocrx_word' id='word_1_44' title='bbox 1365 1066 1420 1154; x_wconf 73' lang='lat' dir='ltr'>est</span> 
     </span>
     <span class='ocr_line' id='line_1_7' title="bbox 222 1163 1419 1247; baseline -0.002 -16"><span class='ocrx_word' id='word_1_45' title='bbox 222 1171 310 1231; x_wconf 89' lang='lat' dir='ltr'>nota.</span> <span class='ocrx_word' id='word_1_46' title='bbox 335 1166 573 1245; x_wconf 80' lang='lat' dir='ltr'>Undecumque</span> <span class='ocrx_word' id='word_1_47' title='bbox 597 1167 683 1232; x_wconf 91' lang='lat' dir='ltr'>enim</span> <span class='ocrx_word' id='word_1_48' title='bbox 708 1166 801 1232; x_wconf 92' lang='lat' dir='ltr'>homo</span> <span class='ocrx_word' id='word_1_49' title='bbox 830 1167 954 1247; x_wconf 88' lang='lat' dir='ltr'>veniat,</span> <span class='ocrx_word' id='word_1_50' title='bbox 984 1163 1095 1247; x_wconf 84' lang='lat' dir='ltr'>gratia</span> <span class='ocrx_word' id='word_1_51' title='bbox 1126 1164 1240 1230; x_wconf 85' lang='lat' dir='ltr'>divina</span> <span class='ocrx_word' id='word_1_52' title='bbox 1270 1170 1419 1247; x_wconf 76' lang='lat' dir='ltr'>nocetne,</span> 
     </span>
     <span class='ocr_line' id='line_1_8' title="bbox 215 1267 1421 1351; baseline 0 -18"><span class='ocrx_word' id='word_1_53' title='bbox 215 1270 395 1334; x_wconf 91' lang='lat' dir='ltr'>dummodo</span> <span class='ocrx_word' id='word_1_54' title='bbox 418 1267 635 1334; x_wconf 85' lang='lat' dir='ltr'>laudabiliter</span> <span class='ocrx_word' id='word_1_55' title='bbox 658 1287 693 1333; x_wconf 89' lang='lat' dir='ltr'>se</span> <span class='ocrx_word' id='word_1_56' title='bbox 717 1273 824 1351; x_wconf 84' lang='lat' dir='ltr'>regat,</span> <span class='ocrx_word' id='word_1_57' title='bbox 848 1287 889 1334; x_wconf 82' lang='lat' dir='ltr'>ex</span> <span class='ocrx_word' id='word_1_58' title='bbox 913 1267 1222 1348; x_wconf 88' lang='lat' dir='ltr'>superhabundanti</span> <span class='ocrx_word' id='word_1_59' title='bbox 1252 1267 1421 1350; x_wconf 90' lang='lat' dir='ltr'>reperitur</span> 
     </span>
     <span class='ocr_line' id='line_1_9' title="bbox 214 1370 653 1458; baseline -0.007 -19"><span class='ocrx_word' id='word_1_60' title='bbox 214 1391 303 1439; x_wconf 84' lang='lat' dir='ltr'>suae</span> <span class='ocrx_word' id='word_1_61' title='bbox 328 1370 475 1458; x_wconf 83' lang='lat' dir='ltr'>cognitio</span> <span class='ocrx_word' id='word_1_62' title='bbox 498 1372 653 1439; x_wconf 80' lang='lat' dir='ltr'>nationis.</span> 
     </span>
    </p>
   </div>
   <div class='ocr_carea' id='block_1_4' title="bbox 214 1544 1420 2149">
    <p class='ocr_par' dir='ltr' id='par_1_4' title="bbox 214 1544 1420 2149">
     <span class='ocr_line' id='line_1_10' title="bbox 324 1544 1420 1632; baseline 0.001 -26"><span class='ocrx_word' id='word_1_63' title='bbox 324 1545 376 1610; x_wconf 85' lang='lat'>13.</span> <span class='ocrx_word' id='word_1_64' title='bbox 414 1546 463 1608; x_wconf 82' lang='lat' dir='ltr'>De</span> <span class='ocrx_word' id='word_1_65' title='bbox 502 1566 555 1608; x_wconf 86' lang='lat' dir='ltr'>reo</span> <span class='ocrx_word' id='word_1_66' title='bbox 585 1545 737 1631; x_wconf 68' lang='lat' dir='ltr'>sapiente</span> <span class='ocrx_word' id='word_1_67' title='bbox 771 1569 792 1608; x_wconf 86' lang='lat' dir='ltr'>o</span> <span class='ocrx_word' id='word_1_68' title='bbox 817 1547 959 1632; x_wconf 81' lang='lat' dir='ltr'>judicio,</span> <span class='ocrx_word' id='word_1_69' title='bbox 987 1556 1163 1632; x_wconf 80' lang='lat' dir='ltr'>postquam</span> <span class='ocrx_word' id='word_1_70' title='bbox 1200 1544 1420 1630; x_wconf 76' lang='lat' dir='ltr'>personaliter</span> 
     </span>
     <span class='ocr_line' id='line_1_11' title="bbox 218 1648 1419 1734; baseline 0.002 -21"><span class='ocrx_word' id='word_1_71' title='bbox 218 1651 447 1734; x_wconf 77' lang='lat' dir='ltr'>comparuerit.</span> <span class='ocrx_word' id='word_1_72' title='bbox 475 1648 511 1715; x_wconf 87' lang='lat' dir='ltr'>Si</span> <span class='ocrx_word' id='word_1_73' title='bbox 533 1651 628 1716; x_wconf 92' lang='lat' dir='ltr'>homo</span> <span class='ocrx_word' id='word_1_74' title='bbox 659 1651 701 1716; x_wconf 93' lang='lat' dir='ltr'>ad</span> <span class='ocrx_word' id='word_1_75' title='bbox 727 1651 887 1734; x_wconf 86' lang='lat' dir='ltr'>judicium</span> <span class='ocrx_word' id='word_1_76' title='bbox 916 1651 1039 1718; x_wconf 91' lang='lat' dir='ltr'>citatus</span> <span class='ocrx_word' id='word_1_77' title='bbox 1071 1651 1293 1734; x_wconf 81' lang='lat' dir='ltr'>personaliter</span> <span class='ocrx_word' id='word_1_78' title='bbox 1323 1654 1419 1716; x_wconf 83' lang='lat' dir='ltr'>stans</span> 
     </span>
     <span class='ocr_line' id='line_1_12' title="bbox 215 1753 1420 1838; baseline -0.002 -17"><span class='ocrx_word' id='word_1_79' title='bbox 215 1773 332 1821; x_wconf 84' lang='lat' dir='ltr'>coram</span> <span class='ocrx_word' id='word_1_80' title='bbox 378 1753 547 1838; x_wconf 89' lang='lat' dir='ltr'>tribunali,</span> <span class='ocrx_word' id='word_1_81' title='bbox 591 1759 776 1836; x_wconf 87' lang='lat' dir='ltr'>postquam·</span> <span class='ocrx_word' id='word_1_82' title='bbox 811 1755 1049 1834; x_wconf 89' lang='lat' dir='ltr'>querimoniam</span> <span class='ocrx_word' id='word_1_83' title='bbox 1086 1774 1189 1837; x_wconf 87' lang='lat' dir='ltr'>super</span> <span class='ocrx_word' id='word_1_84' title='bbox 1224 1773 1260 1820; x_wconf 93' lang='lat' dir='ltr'>se</span> <span class='ocrx_word' id='word_1_85' title='bbox 1298 1759 1420 1820; x_wconf 84' lang='lat' dir='ltr'>motam</span> 
     </span>
     <span class='ocr_line' id='line_1_13' title="bbox 220 1858 1419 1943; baseline -0.003 -17"><span class='ocrx_word' id='word_1_86' title='bbox 220 1860 403 1943; x_wconf 83' lang='lat' dir='ltr'>audiverit,</span> <span class='ocrx_word' id='word_1_87' title='bbox 426 1859 590 1943; x_wconf 89' lang='lat' dir='ltr'>ajudioio</span> <span class='ocrx_word' id='word_1_88' title='bbox 614 1858 788 1943; x_wconf 82' lang='lat' dir='ltr'>effugerit:</span> <span class='ocrx_word' id='word_1_89' title='bbox 818 1860 847 1924; x_wconf 87' lang='lat' dir='ltr'>si</span> <span class='ocrx_word' id='word_1_90' title='bbox 879 1877 980 1925; x_wconf 86' lang='lat' dir='ltr'>eausa</span> <span class='ocrx_word' id='word_1_91' title='bbox 1010 1864 1064 1924; x_wconf 90' lang='lat' dir='ltr'>est</span> <span class='ocrx_word' id='word_1_92' title='bbox 1097 1859 1214 1941; x_wconf 87' lang='lat' dir='ltr'>civilis,</span> <span class='ocrx_word' id='word_1_93' title='bbox 1246 1859 1360 1924; x_wconf 89' lang='lat' dir='ltr'>statim</span> <span class='ocrx_word' id='word_1_94' title='bbox 1382 1858 1419 1923; x_wconf 89' lang='lat' dir='ltr'>in</span> 
     </span>
     <span class='ocr_line' id='line_1_14' title="bbox 220 1961 1419 2046; baseline -0.003 -16"><span class='ocrx_word' id='word_1_95' title='bbox 220 1965 297 2046; x_wconf 85' lang='lat' dir='ltr'>ipsa</span> <span class='ocrx_word' id='word_1_96' title='bbox 321 1964 520 2045; x_wconf 87' lang='lat' dir='ltr'>succumbit;</span> <span class='ocrx_word' id='word_1_97' title='bbox 544 1964 574 2029; x_wconf 87' lang='lat' dir='ltr'>si</span> <span class='ocrx_word' id='word_1_98' title='bbox 596 1969 707 2030; x_wconf 87' lang='lat' dir='ltr'>eutem</span> <span class='ocrx_word' id='word_1_99' title='bbox 740 1967 792 2030; x_wconf 89' lang='lat' dir='ltr'>est</span> <span class='ocrx_word' id='word_1_100' title='bbox 821 1963 1012 2046; x_wconf 72' lang='lat' dir='ltr'>criminalis</span> <span class='ocrx_word' id='word_1_101' title='bbox 1042 1964 1134 2029; x_wconf 87' lang='lat' dir='ltr'>ultro</span> <span class='ocrx_word' id='word_1_102' title='bbox 1163 1964 1235 2045; x_wconf 89' lang='lat' dir='ltr'>hoc,</span> <span class='ocrx_word' id='word_1_103' title='bbox 1264 1963 1351 2043; x_wconf 91' lang='lat' dir='ltr'>quod</span> <span class='ocrx_word' id='word_1_104' title='bbox 1382 1961 1419 2027; x_wconf 88' lang='lat' dir='ltr'>in</span> 
     </span>
     <span class='ocr_line' id='line_1_15' title="bbox 214 2067 1236 2149; baseline -0.003 -14"><span class='ocrx_word' id='word_1_105' title='bbox 214 2088 326 2136; x_wconf 82' lang='lat' dir='ltr'>eausa</span> <span class='ocrx_word' id='word_1_106' title='bbox 351 2069 450 2146; x_wconf 85' lang='lat' dir='ltr'>cadit,</span> <span class='ocrx_word' id='word_1_107' title='bbox 474 2068 575 2134; x_wconf 86' lang='lat' dir='ltr'>etiam</span> <span class='ocrx_word' id='word_1_108' title='bbox 600 2069 755 2135; x_wconf 88' lang='lat' dir='ltr'>continuo</span> <span class='ocrx_word' id='word_1_109' title='bbox 778 2067 1009 2149; x_wconf 84' lang='lat' dir='ltr'>proscribitur,</span> <span class='ocrx_word' id='word_1_110' title='bbox 1034 2069 1132 2149; x_wconf 89' lang='lat' dir='ltr'>pleno</span> <span class='ocrx_word' id='word_1_111' title='bbox 1154 2067 1236 2134; x_wconf 86' lang='lat' dir='ltr'>iure.</span> 
     </span>
    </p>
   </div>
   <div class='ocr_carea' id='block_1_5' title="bbox 213 2257 1418 3070">
    <p class='ocr_par' dir='ltr' id='par_1_5' title="bbox 213 2257 1418 3070">
     <span class='ocr_line' id='line_1_16' title="bbox 326 2257 1416 2342; baseline 0.003 -23"><span class='ocrx_word' id='word_1_112' title='bbox 326 2257 378 2323; x_wconf 82' lang='lat'>14.</span> <span class='ocrx_word' id='word_1_113' title='bbox 403 2258 452 2320; x_wconf 87' lang='lat' dir='ltr'>De</span> <span class='ocrx_word' id='word_1_114' title='bbox 475 2267 581 2320; x_wconf 84' lang='lat' dir='ltr'>actore</span> <span class='ocrx_word' id='word_1_115' title='bbox 612 2267 641 2320; x_wconf 87' lang='lat' dir='ltr'>el</span> <span class='ocrx_word' id='word_1_116' title='bbox 668 2279 722 2322; x_wconf 87' lang='lat' dir='ltr'>reo</span> <span class='ocrx_word' id='word_1_117' title='bbox 752 2267 907 2342; x_wconf 80' lang='lat' dir='ltr'>qnantum</span> <span class='ocrx_word' id='word_1_118' title='bbox 935 2258 980 2320; x_wconf 84' lang='lat' dir='ltr'>nd</span> <span class='ocrx_word' id='word_1_119' title='bbox 1000 2257 1127 2342; x_wconf 79' lang='lat' dir='ltr'>judicii</span> <span class='ocrx_word' id='word_1_120' title='bbox 1155 2258 1416 2342; x_wconf 79' lang='lat' dir='ltr'>acceptationem.</span> 
     </span>
     <span class='ocr_line' id='line_1_17' title="bbox 215 2360 1418 2445; baseline 0 -17"><span class='ocrx_word' id='word_1_121' title='bbox 215 2363 337 2444; x_wconf 84' lang='lat' dir='ltr'>Actor,</span> <span class='ocrx_word' id='word_1_122' title='bbox 360 2361 415 2442; x_wconf 89' lang='lat' dir='ltr'>qui</span> <span class='ocrx_word' id='word_1_123' title='bbox 440 2360 582 2441; x_wconf 82' lang='lat' dir='ltr'>aliquem</span> <span class='ocrx_word' id='word_1_124' title='bbox 607 2361 661 2426; x_wconf 90' lang='lat' dir='ltr'>vel</span> <span class='ocrx_word' id='word_1_125' title='bbox 684 2361 828 2442; x_wconf 89' lang='lat' dir='ltr'>aliquam</span> <span class='ocrx_word' id='word_1_126' title='bbox 852 2360 983 2441; x_wconf 90' lang='lat' dir='ltr'>impetit</span> <span class='ocrx_word' id='word_1_127' title='bbox 998 2361 1140 2444; x_wconf 89' lang='lat' dir='ltr'>actione,</span> <span class='ocrx_word' id='word_1_128' title='bbox 1156 2379 1255 2442; x_wconf 92' lang='lat' dir='ltr'>quam</span> <span class='ocrx_word' id='word_1_129' title='bbox 1271 2361 1344 2445; x_wconf 87' lang='lat' dir='ltr'>sibi,</span> <span class='ocrx_word' id='word_1_130' title='bbox 1359 2381 1418 2430; x_wconf 87' lang='lat' dir='ltr'>reo</span> 
     </span>
     <span class='ocr_line' id='line_1_18' title="bbox 216 2465 1416 2548; baseline -0.003 -12"><span class='ocrx_word' id='word_1_131' title='bbox 216 2467 270 2536; x_wconf 88' lang='lat' dir='ltr'>vel</span> <span class='ocrx_word' id='word_1_132' title='bbox 305 2484 393 2548; x_wconf 89' lang='lat' dir='ltr'>reae,</span> <span class='ocrx_word' id='word_1_133' title='bbox 431 2470 551 2548; x_wconf 85' lang='lat' dir='ltr'>movet,</span> <span class='ocrx_word' id='word_1_134' title='bbox 586 2465 677 2546; x_wconf 82' lang='lat' dir='ltr'>prius</span> <span class='ocrx_word' id='word_1_135' title='bbox 717 2466 878 2548; x_wconf 87' lang='lat' dir='ltr'>discusse,</span> <span class='ocrx_word' id='word_1_136' title='bbox 916 2470 1035 2546; x_wconf 85' lang='lat' dir='ltr'>posteo</span> <span class='ocrx_word' id='word_1_137' title='bbox 1074 2465 1327 2546; x_wconf 82' lang='lat' dir='ltr'>quaestionibus</span> <span class='ocrx_word' id='word_1_138' title='bbox 1366 2467 1416 2533; x_wconf 89' lang='lat' dir='ltr'>rei</span> 
     </span>
     <span class='ocr_line' id='line_1_19' title="bbox 218 2569 1416 2654; baseline -0.003 -16"><span class='ocrx_word' id='word_1_139' title='bbox 218 2571 273 2638; x_wconf 89' lang='lat' dir='ltr'>vel</span> <span class='ocrx_word' id='word_1_140' title='bbox 299 2587 387 2652; x_wconf 90' lang='lat' dir='ltr'>reae,</span> <span class='ocrx_word' id='word_1_141' title='bbox 410 2587 492 2650; x_wconf 86' lang='lat' dir='ltr'>quas</span> <span class='ocrx_word' id='word_1_142' title='bbox 516 2569 580 2636; x_wconf 86' lang='lat' dir='ltr'>sibi</span> <span class='ocrx_word' id='word_1_143' title='bbox 603 2571 758 2652; x_wconf 87' lang='lat' dir='ltr'>movebit,</span> <span class='ocrx_word' id='word_1_144' title='bbox 782 2570 1008 2651; x_wconf 86' lang='lat' dir='ltr'>respondebit.</span> <span class='ocrx_word' id='word_1_145' title='bbox 1040 2570 1105 2635; x_wconf 83' lang='lat' dir='ltr'>Est</span> <span class='ocrx_word' id='word_1_146' title='bbox 1136 2569 1222 2636; x_wconf 90' lang='lat' dir='ltr'>enim</span> <span class='ocrx_word' id='word_1_147' title='bbox 1250 2570 1318 2654; x_wconf 88' lang='lat' dir='ltr'>juri</span> <span class='ocrx_word' id='word_1_148' title='bbox 1341 2589 1416 2637; x_wconf 91' lang='lat' dir='ltr'>oon·</span> 
     </span>
     <span class='ocr_line' id='line_1_20' title="bbox 213 2674 1417 2758; baseline -0.001 -16"><span class='ocrx_word' id='word_1_149' title='bbox 213 2695 345 2758; x_wconf 85' lang='lat' dir='ltr'>sonum,</span> <span class='ocrx_word' id='word_1_150' title='bbox 370 2677 456 2754; x_wconf 92' lang='lat' dir='ltr'>quod</span> <span class='ocrx_word' id='word_1_151' title='bbox 480 2678 575 2739; x_wconf 88' lang='lat' dir='ltr'>actor</span> <span class='ocrx_word' id='word_1_152' title='bbox 598 2674 748 2758; x_wconf 83' lang='lat' dir='ltr'>judicem,</span> <span class='ocrx_word' id='word_1_153' title='bbox 780 2691 876 2752; x_wconf 92' lang='lat' dir='ltr'>quem</span> <span class='ocrx_word' id='word_1_154' title='bbox 899 2674 972 2739; x_wconf 89' lang='lat' dir='ltr'>vult</span> <span class='ocrx_word' id='word_1_155' title='bbox 994 2674 1118 2739; x_wconf 90' lang='lat' dir='ltr'>habere</span> <span class='ocrx_word' id='word_1_156' title='bbox 1148 2691 1207 2755; x_wconf 90' lang='lat' dir='ltr'>pro</span> <span class='ocrx_word' id='word_1_157' title='bbox 1240 2693 1286 2757; x_wconf 89' lang='lat' dir='ltr'>se,</span> <span class='ocrx_word' id='word_1_158' title='bbox 1317 2675 1417 2741; x_wconf 87' lang='lat' dir='ltr'>etiem</span> 
     </span>
     <span class='ocr_line' id='line_1_21' title="bbox 213 2777 1416 2862; baseline -0.002 -16"><span class='ocrx_word' id='word_1_159' title='bbox 213 2787 338 2847; x_wconf 85' lang='lat' dir='ltr'>contre</span> <span class='ocrx_word' id='word_1_160' title='bbox 361 2797 396 2845; x_wconf 87' lang='lat' dir='ltr'>se</span> <span class='ocrx_word' id='word_1_161' title='bbox 420 2797 486 2844; x_wconf 89' lang='lat' dir='ltr'>non</span> <span class='ocrx_word' id='word_1_162' title='bbox 503 2780 625 2844; x_wconf 85' lang='lat' dir='ltr'>debeat</span> <span class='ocrx_word' id='word_1_163' title='bbox 640 2777 796 2844; x_wconf 81' lang='lat' dir='ltr'>refutare.</span> <span class='ocrx_word' id='word_1_164' title='bbox 820 2777 844 2842; x_wconf 86' lang='lat' dir='ltr'>J</span> <span class='ocrx_word' id='word_1_165' title='bbox 846 2778 944 2843; x_wconf 86' lang='lat' dir='ltr'>udaei</span> <span class='ocrx_word' id='word_1_166' title='bbox 959 2782 1082 2860; x_wconf 86' lang='lat' dir='ltr'>tamen,</span> <span class='ocrx_word' id='word_1_167' title='bbox 1098 2777 1213 2843; x_wconf 91' lang='lat' dir='ltr'>clerici</span> <span class='ocrx_word' id='word_1_168' title='bbox 1228 2783 1264 2844; x_wconf 92' lang='lat' dir='ltr'>et</span> <span class='ocrx_word' id='word_1_169' title='bbox 1278 2779 1416 2862; x_wconf 87' lang='lat' dir='ltr'>nobiles,</span> 
     </span>
     <span class='ocr_line' id='line_1_22' title="bbox 218 2881 1415 2966; baseline -0.003 -16"><span class='ocrx_word' id='word_1_170' title='bbox 218 2891 299 2966; x_wconf 91' lang='lat' dir='ltr'>quia</span> <span class='ocrx_word' id='word_1_171' title='bbox 322 2883 474 2964; x_wconf 87' lang='lat' dir='ltr'>proprios</span> <span class='ocrx_word' id='word_1_172' title='bbox 498 2882 625 2947; x_wconf 87' lang='lat' dir='ltr'>habent</span> <span class='ocrx_word' id='word_1_173' title='bbox 645 2881 774 2966; x_wconf 87' lang='lat' dir='ltr'>judiees</span> <span class='ocrx_word' id='word_1_174' title='bbox 799 2885 834 2946; x_wconf 92' lang='lat' dir='ltr'>et</span> <span class='ocrx_word' id='word_1_175' title='bbox 857 2886 953 2947; x_wconf 88' lang='lat' dir='ltr'>actor</span> <span class='ocrx_word' id='word_1_176' title='bbox 974 2881 1080 2946; x_wconf 89' lang='lat' dir='ltr'>forum</span> <span class='ocrx_word' id='word_1_177' title='bbox 1102 2882 1154 2948; x_wconf 88' lang='lat' dir='ltr'>rei</span> <span class='ocrx_word' id='word_1_178' title='bbox 1180 2882 1276 2962; x_wconf 89' lang='lat' dir='ltr'>sequi</span> <span class='ocrx_word' id='word_1_179' title='bbox 1306 2885 1415 2959; x_wconf 90' lang='lat' dir='ltr'>debet,</span> 
     </span>
     <span class='ocr_line' id='line_1_23' title="bbox 215 2984 1022 3070; baseline -0.01 -16"><span class='ocrx_word' id='word_1_180' title='bbox 215 3005 333 3054; x_wconf 86' lang='lat' dir='ltr'>eorem</span> <span class='ocrx_word' id='word_1_181' title='bbox 357 2987 481 3052; x_wconf 90' lang='lat' dir='ltr'>eisdem</span> <span class='ocrx_word' id='word_1_182' title='bbox 500 2985 669 3070; x_wconf 83' lang='lat' dir='ltr'>judicibus</span> <span class='ocrx_word' id='word_1_183' title='bbox 692 2990 771 3051; x_wconf 91' lang='lat' dir='ltr'>sunt</span> <span class='ocrx_word' id='word_1_184' title='bbox 794 2984 1022 3051; x_wconf 91' lang='lat' dir='ltr'>conveniendi.</span> 
     </span>
    </p>
   </div>
   <div class='ocr_carea' id='block_1_6' title="bbox 209 3167 1420 4396">
    <p class='ocr_par' dir='ltr' id='par_1_6' title="bbox 209 3167 1420 4396">
     <span class='ocr_line' id='line_1_24' title="bbox 325 3167 1415 3250; baseline 0.001 -20"><span class='ocrx_word' id='word_1_185' title='bbox 325 3169 374 3237; x_wconf 81' lang='lat'>15.</span> <span class='ocrx_word' id='word_1_186' title='bbox 387 3168 438 3232; x_wconf 88' lang='lat' dir='ltr'>Dc</span> <span class='ocrx_word' id='word_1_187' title='bbox 451 3178 558 3230; x_wconf 84' lang='lat' dir='ltr'>actore</span> <span class='ocrx_word' id='word_1_188' title='bbox 571 3177 600 3231; x_wconf 81' lang='lat' dir='ltr'>et</span> <span class='ocrx_word' id='word_1_189' title='bbox 612 3188 665 3231; x_wconf 87' lang='lat' dir='ltr'>reo</span> <span class='ocrx_word' id='word_1_190' title='bbox 682 3177 838 3250; x_wconf 80' lang='lat' dir='ltr'>quantum</span> <span class='ocrx_word' id='word_1_191' title='bbox 853 3167 898 3230; x_wconf 77' lang='lat' dir='ltr'>od</span> <span class='ocrx_word' id='word_1_192' title='bbox 913 3167 1094 3230; x_wconf 81' lang='lat' dir='ltr'>contionem</span> <span class='ocrx_word' id='word_1_193' title='bbox 1110 3177 1140 3230; x_wconf 82' lang='lat' dir='ltr'>et</span> <span class='ocrx_word' id='word_1_194' title='bbox 1155 3169 1415 3237; x_wconf 77' lang='lat' dir='ltr'>satisdationem.</span> 
     </span>
     <span class='ocr_line' id='line_1_25' title="bbox 211 3271 1417 3356; baseline -0.002 -14"><span class='ocrx_word' id='word_1_195' title='bbox 211 3275 258 3342; x_wconf 82' lang='lat' dir='ltr'>&#39;In</span> <span class='ocrx_word' id='word_1_196' title='bbox 283 3274 427 3340; x_wconf 86' lang='lat' dir='ltr'>secundo</span> <span class='ocrx_word' id='word_1_197' title='bbox 451 3272 573 3356; x_wconf 86' lang='lat' dir='ltr'>Majori</span> <span class='ocrx_word' id='word_1_198' title='bbox 596 3271 751 3355; x_wconf 85' lang='lat' dir='ltr'>originali</span> <span class='ocrx_word' id='word_1_199' title='bbox 776 3271 954 3353; x_wconf 85' lang='lat' dir='ltr'>Privilegio</span> <span class='ocrx_word' id='word_1_200' title='bbox 983 3271 1131 3339; x_wconf 85' lang='lat' dir='ltr'>civitatis</span> <span class='ocrx_word' id='word_1_201' title='bbox 1162 3272 1324 3338; x_wconf 86' lang='lat' dir='ltr'>scribitur</span> <span class='ocrx_word' id='word_1_202' title='bbox 1352 3274 1417 3339; x_wconf 91' lang='lat' dir='ltr'>sio:</span> 
     </span>
     <span class='ocr_line' id='line_1_26' title="bbox 221 3375 1414 3462; baseline -0.002 -17"><span class='ocrx_word' id='word_1_203' title='bbox 221 3380 288 3462; x_wconf 90' lang='lat' dir='ltr'>„Ut</span> <span class='ocrx_word' id='word_1_204' title='bbox 312 3378 508 3457; x_wconf 88' lang='lat' dir='ltr'>quicumque</span> <span class='ocrx_word' id='word_1_205' title='bbox 532 3377 572 3441; x_wconf 86' lang='lat' dir='ltr'>de</span> <span class='ocrx_word' id='word_1_206' title='bbox 597 3376 703 3441; x_wconf 85' lang='lat' dir='ltr'>altero</span> <span class='ocrx_word' id='word_1_207' title='bbox 727 3375 925 3443; x_wconf 83' lang='lat' dir='ltr'>incivitate</span> <span class='ocrx_word' id='word_1_208' title='bbox 949 3377 1092 3443; x_wconf 87' lang='lat' dir='ltr'>moverit</span> <span class='ocrx_word' id='word_1_209' title='bbox 1114 3377 1355 3457; x_wconf 88' lang='lat' dir='ltr'>querimoniam</span> <span class='ocrx_word' id='word_1_210' title='bbox 1373 3380 1414 3444; x_wconf 93' lang='lat' dir='ltr'>de</span> 
     </span>
     <span class='ocr_line' id='line_1_27' title="bbox 213 3479 1415 3564; baseline -0.001 -17"><span class='ocrx_word' id='word_1_211' title='bbox 213 3498 423 3562; x_wconf 88' lang='lat' dir='ltr'>quacumque</span> <span class='ocrx_word' id='word_1_212' title='bbox 446 3479 645 3560; x_wconf 85' lang='lat' dir='ltr'>hereditate,</span> <span class='ocrx_word' id='word_1_213' title='bbox 670 3479 741 3544; x_wconf 87' lang='lat' dir='ltr'>sive</span> <span class='ocrx_word' id='word_1_214' title='bbox 765 3479 869 3560; x_wconf 88' lang='lat' dir='ltr'>domo,</span> <span class='ocrx_word' id='word_1_215' title='bbox 891 3479 945 3545; x_wconf 88' lang='lat' dir='ltr'>vel</span> <span class='ocrx_word' id='word_1_216' title='bbox 968 3498 1059 3562; x_wconf 84' lang='lat' dir='ltr'>agro,</span> <span class='ocrx_word' id='word_1_217' title='bbox 1080 3479 1134 3546; x_wconf 90' lang='lat' dir='ltr'>vel</span> <span class='ocrx_word' id='word_1_218' title='bbox 1151 3481 1346 3564; x_wconf 88' lang='lat' dir='ltr'>molendino,</span> <span class='ocrx_word' id='word_1_219' title='bbox 1361 3483 1415 3549; x_wconf 88' lang='lat' dir='ltr'>vel</span> 
     </span>
     <span class='ocr_line' id='line_1_28' title="bbox 219 3582 1415 3668; baseline 0.002 -17"><span class='ocrx_word' id='word_1_220' title='bbox 219 3585 329 3668; x_wconf 88' lang='lat' dir='ltr'>vinee,</span> <span class='ocrx_word' id='word_1_221' title='bbox 351 3583 563 3667; x_wconf 85' lang='lat' dir='ltr'>fidejussores</span> <span class='ocrx_word' id='word_1_222' title='bbox 588 3583 746 3647; x_wconf 87' lang='lat' dir='ltr'>exhibeat</span> <span class='ocrx_word' id='word_1_223' title='bbox 772 3582 877 3665; x_wconf 86' lang='lat' dir='ltr'>judici</span> <span class='ocrx_word' id='word_1_224' title='bbox 908 3602 967 3664; x_wconf 90' lang='lat' dir='ltr'>pro</span> <span class='ocrx_word' id='word_1_225' title='bbox 998 3586 1112 3650; x_wconf 89' lang='lat' dir='ltr'>decem</span> <span class='ocrx_word' id='word_1_226' title='bbox 1145 3583 1294 3668; x_wconf 87' lang='lat' dir='ltr'>talentis,</span> <span class='ocrx_word' id='word_1_227' title='bbox 1329 3589 1415 3664; x_wconf 92' lang='lat' dir='ltr'>quod</span> 
     </span>
     <span class='ocr_line' id='line_1_29' title="bbox 211 3685 1416 3772; baseline 0.002 -18"><span class='ocrx_word' id='word_1_228' title='bbox 211 3690 357 3754; x_wconf 88' lang='lat' dir='ltr'>eandem</span> <span class='ocrx_word' id='word_1_229' title='bbox 389 3685 626 3767; x_wconf 89' lang='lat' dir='ltr'>querimoniam</span> <span class='ocrx_word' id='word_1_230' title='bbox 657 3691 908 3767; x_wconf 86' lang='lat' dir='ltr'>prosequetur.“</span> <span class='ocrx_word' id='word_1_231' title='bbox 941 3688 1073 3766; x_wconf 84' lang='lat' dir='ltr'>Dictam</span> <span class='ocrx_word' id='word_1_232' title='bbox 1102 3688 1311 3772; x_wconf 86' lang='lat' dir='ltr'>scripturam,</span> <span class='ocrx_word' id='word_1_233' title='bbox 1341 3708 1416 3756; x_wconf 92' lang='lat' dir='ltr'>oum</span> 
     </span>
     <span class='ocr_line' id='line_1_30' title="bbox 217 3789 1416 3878; baseline 0.004 -22"><span class='ocrx_word' id='word_1_234' title='bbox 217 3797 358 3874; x_wconf 92' lang='lat' dir='ltr'>propter</span> <span class='ocrx_word' id='word_1_235' title='bbox 380 3811 453 3858; x_wconf 88' lang='lat' dir='ltr'>eam</span> <span class='ocrx_word' id='word_1_236' title='bbox 475 3790 672 3870; x_wconf 89' lang='lat' dir='ltr'>frequenter</span> <span class='ocrx_word' id='word_1_237' title='bbox 688 3793 822 3856; x_wconf 87' lang='lat' dir='ltr'>actores</span> <span class='ocrx_word' id='word_1_238' title='bbox 837 3789 978 3874; x_wconf 84' lang='lat' dir='ltr'>legitimi</span> <span class='ocrx_word' id='word_1_239' title='bbox 995 3794 1036 3858; x_wconf 89' lang='lat' dir='ltr'>ab</span> <span class='ocrx_word' id='word_1_240' title='bbox 1053 3795 1182 3876; x_wconf 82' lang='lat' dir='ltr'>egendo</span> <span class='ocrx_word' id='word_1_241' title='bbox 1201 3793 1416 3878; x_wconf 85' lang='lat' dir='ltr'>repellentur,</span> 
     </span>
     <span class='ocr_line' id='line_1_31' title="bbox 212 3894 1417 3979; baseline 0.002 -17"><span class='ocrx_word' id='word_1_242' title='bbox 212 3895 388 3978; x_wconf 83' lang='lat' dir='ltr'>sapientes</span> <span class='ocrx_word' id='word_1_243' title='bbox 424 3895 556 3978; x_wconf 86' lang='lat' dir='ltr'>(jurati)</span> <span class='ocrx_word' id='word_1_244' title='bbox 586 3894 634 3959; x_wconf 91' lang='lat' dir='ltr'>sio</span> <span class='ocrx_word' id='word_1_245' title='bbox 667 3898 745 3959; x_wconf 91' lang='lat' dir='ltr'>sunt</span> <span class='ocrx_word' id='word_1_246' title='bbox 775 3895 1071 3979; x_wconf 85' lang='lat' dir='ltr'>interpretati,</span> <span class='ocrx_word' id='word_1_247' title='bbox 1107 3898 1193 3976; x_wconf 92' lang='lat' dir='ltr'>quod</span> <span class='ocrx_word' id='word_1_248' title='bbox 1226 3899 1417 3979; x_wconf 89' lang='lat' dir='ltr'>recipienda</span> 
     </span>
     <span class='ocr_line' id='line_1_32' title="bbox 209 3997 1420 4082; baseline 0.003 -18"><span class='ocrx_word' id='word_1_249' title='bbox 209 4002 269 4064; x_wconf 90' lang='lat' dir='ltr'>est</span> <span class='ocrx_word' id='word_1_250' title='bbox 292 4017 352 4079; x_wconf 93' lang='lat' dir='ltr'>pro</span> <span class='ocrx_word' id='word_1_251' title='bbox 375 4003 491 4063; x_wconf 90' lang='lat' dir='ltr'>actore</span> <span class='ocrx_word' id='word_1_252' title='bbox 515 3998 638 4082; x_wconf 83' lang='lat' dir='ltr'>ignoto,</span> <span class='ocrx_word' id='word_1_253' title='bbox 662 3997 720 4078; x_wconf 85' lang='lat' dir='ltr'>qui</span> <span class='ocrx_word' id='word_1_254' title='bbox 742 3998 878 4064; x_wconf 82' lang='lat' dir='ltr'>aliunde</span> <span class='ocrx_word' id='word_1_255' title='bbox 901 3999 1052 4082; x_wconf 88' lang='lat' dir='ltr'>veniens,</span> <span class='ocrx_word' id='word_1_256' title='bbox 1070 4017 1299 4082; x_wconf 89' lang='lat' dir='ltr'>possessorem</span> <span class='ocrx_word' id='word_1_257' title='bbox 1314 4004 1420 4068; x_wconf 84' lang='lat' dir='ltr'>bonae</span> 
     </span>
     <span class='ocr_line' id='line_1_33' title="bbox 215 4101 1418 4190; baseline 0.005 -24"><span class='ocrx_word' id='word_1_258' title='bbox 215 4102 297 4166; x_wconf 88' lang='lat' dir='ltr'>fidei</span> <span class='ocrx_word' id='word_1_259' title='bbox 319 4101 441 4167; x_wconf 90' lang='lat' dir='ltr'>nititur</span> <span class='ocrx_word' id='word_1_260' title='bbox 462 4102 675 4186; x_wconf 77' lang='lat' dir='ltr'>impugnare,</span> <span class='ocrx_word' id='word_1_261' title='bbox 706 4121 802 4169; x_wconf 90' lang='lat' dir='ltr'>secus</span> <span class='ocrx_word' id='word_1_262' title='bbox 828 4109 939 4170; x_wconf 86' lang='lat' dir='ltr'>autem</span> <span class='ocrx_word' id='word_1_263' title='bbox 964 4109 1016 4170; x_wconf 85' lang='lat' dir='ltr'>est</span> <span class='ocrx_word' id='word_1_264' title='bbox 1040 4107 1081 4172; x_wconf 89' lang='lat' dir='ltr'>de</span> <span class='ocrx_word' id='word_1_265' title='bbox 1104 4106 1227 4172; x_wconf 91' lang='lat' dir='ltr'>herede</span> <span class='ocrx_word' id='word_1_266' title='bbox 1250 4123 1341 4190; x_wconf 88' lang='lat' dir='ltr'>vero,</span> <span class='ocrx_word' id='word_1_267' title='bbox 1364 4105 1418 4187; x_wconf 93' lang='lat' dir='ltr'>qui</span> 
     </span>
     <span class='ocr_line' id='line_1_34' title="bbox 209 4205 1416 4291; baseline 0.006 -21"><span class='ocrx_word' id='word_1_268' title='bbox 209 4205 400 4272; x_wconf 87' lang='lat' dir='ltr'>coheredes</span> <span class='ocrx_word' id='word_1_269' title='bbox 424 4208 478 4274; x_wconf 88' lang='lat' dir='ltr'>vel</span> <span class='ocrx_word' id='word_1_270' title='bbox 502 4207 586 4274; x_wconf 85' lang='lat' dir='ltr'>alios</span> <span class='ocrx_word' id='word_1_271' title='bbox 609 4225 824 4288; x_wconf 87' lang='lat' dir='ltr'>possessores</span> <span class='ocrx_word' id='word_1_272' title='bbox 847 4209 881 4273; x_wconf 93' lang='lat' dir='ltr'>in</span> <span class='ocrx_word' id='word_1_273' title='bbox 897 4227 1033 4275; x_wconf 84' lang='lat' dir='ltr'>oensem</span> <span class='ocrx_word' id='word_1_274' title='bbox 1051 4210 1175 4291; x_wconf 82' lang='lat' dir='ltr'>trahit3</span> <span class='ocrx_word' id='word_1_275' title='bbox 1199 4211 1240 4275; x_wconf 92' lang='lat' dir='ltr'>ab</span> <span class='ocrx_word' id='word_1_276' title='bbox 1257 4209 1314 4275; x_wconf 95' lang='lat' dir='ltr'>illo</span> <span class='ocrx_word' id='word_1_277' title='bbox 1331 4210 1416 4277; x_wconf 90' lang='lat' dir='ltr'>enim</span> 
     </span>
     <span class='ocr_line' id='line_1_35' title="bbox 215 4310 1150 4396; baseline 0.005 -22"><span class='ocrx_word' id='word_1_278' title='bbox 215 4327 283 4375; x_wconf 88' lang='lat' dir='ltr'>non</span> <span class='ocrx_word' id='word_1_279' title='bbox 308 4313 441 4388; x_wconf 87' lang='lat' dir='ltr'>oportet</span> <span class='ocrx_word' id='word_1_280' title='bbox 465 4313 551 4391; x_wconf 92' lang='lat' dir='ltr'>quod</span> <span class='ocrx_word' id='word_1_281' title='bbox 575 4310 731 4393; x_wconf 83' lang='lat' dir='ltr'>exigatur</span> <span class='ocrx_word' id='word_1_282' title='bbox 753 4311 922 4396; x_wconf 85' lang='lat' dir='ltr'>fidejussio</span> <span class='ocrx_word' id='word_1_283' title='bbox 947 4312 1150 4394; x_wconf 87' lang='lat' dir='ltr'>supradicta.</span> 
     </span>
    </p>
   </div>
   <div class='ocr_carea' id='block_1_7' title="bbox 0 0 1642 5009">
    <p class='ocr_par' dir='ltr' id='par_1_7' title="bbox 0 0 1642 5009">
     <span class='ocr_line' id='line_1_36' title="bbox 0 0 1642 5009; baseline 0 0"><span class='ocrx_word' id='word_1_284' title='bbox 0 0 1642 5009; x_wconf 95' lang='lat' dir='ltr'> </span> 
     </span>
    </p>
   </div>
  </div>
 </body>
</html>
