3275 5009
741 318 888 371 Addenda:

687 528 762 593 Post
785 532 844 593 ort.
868 526 940 592 389.

319 654 394 720 123.
432 653 489 717 De
523 650 726 717 incendio
762 652 798 716 si
833 651 927 731 quis
963 655 1116 729 captus
1153 644 1307 711 fuerit.
1346 644 1410 709 Pro

216 759 368 823 incendio
391 758 419 823 si
445 756 518 836 quis
542 762 660 837 captus
683 755 795 837 fuerit,
818 756 896 839 igne
920 753 1051 835 peribit.
1074 753 1109 819 Si
1128 770 1206 816 vern
1222 749 1409 814 incendium

216 862 336 928 1111111
369 867 405 927 et
438 862 593 944 effugerit
628 867 662 926 et
697 867 814 941 postea
853 860 1129 941 deprehendatur,
1169 862 1204 921 et
1242 856 1270 921 si
1303 852 1410 918 minas

217 966 362 1033 incendii
385 973 463 1031 ante
486 966 614 1041 iecerit,
639 984 712 1031 oum
736 970 864 1045 septem
888 964 970 1030 viris
995 963 1221 1029 convincetur.
1245 958 1281 1025 si
1297 962 1408 1023 antem

216 1072 250 1137 in
273 1071 354 1153 fuga
379 1072 535 1134 detentus
558 1069 670 1146 fuerit,
693 1069 812 1135 iterum
838 1087 909 1154 eom
933 1073 1062 1147 septem
1086 1065 1168 1130 viris
1185 1064 1410 1149 convincetur.

216 1175 255 1241 In
269 1174 421 1240 incendio
436 1174 463 1238 si
477 1174 548 1253 quis
562 1172 684 1240 furtum
696 1173 817 1239 fecerit
831 1172 953 1239 valoris
965 1172 1028 1236 XL
1040 1169 1260 1250 donariorum,
1272 1184 1410 1247 snspen-

218 1283 326 1345 dalur.
361 1279 458 1343 Etsi
482 1280 556 1358 quis
580 1276 668 1343 iacto
692 1278 844 1343 incendio
870 1276 1010 1355 aliquem
1034 1272 1273 1354 vulneraverit,
1300 1270 1411 1335 victus

217 1384 324 1449 trihus
337 1384 481 1448 testibus
499 1382 691 1448 decolletur.
709 1382 743 1447 Si
757 1381 831 1461 quis
845 1397 924 1445 vero
938 1380 1117 1468 evraginam
1130 1377 1240 1461 gladio
1252 1376 1287 1442 in
1299 1376 1407 1441 incen-

217 1489 271 1553 dio
296 1489 436 1567 aliquem
461 1488 639 1553 vulnerare
660 1485 813 1568 voluerit,
841 1485 949 1550 victus
981 1486 1106 1549 1111111
1137 1482 1282 1547 testibus
1311 1500 1411 1546 mauu

220 1594 376 1674 privetur.
401 1592 447 1655 Et
470 1591 498 1656 si
515 1592 636 1670 aliquis
653 1591 752 1656 alteri
768 1590 916 1655 minatur
931 1589 1118 1655 incendium
1135 1606 1244 1653 coram
1261 1586 1411 1652 honestis

218 1696 309 1779 viris,
326 1696 384 1776 qui
400 1695 607 1762 audiverint:
631 1695 687 1759 ille
706 1695 758 1759 cui
775 1694 879 1760 minas
898 1693 1048 1774 incussit,
1066 1693 1094 1757 si
1111 1693 1191 1775 vult,
1209 1695 1321 1772 potest
1336 1709 1410 1755 eum

218 1802 415 1866 convincere
431 1801 640 1879 mettertins;
660 1800 688 1864 si
704 1805 816 1865 autem
833 1818 898 1864 nou
916 1799 995 1879 vult,
1012 1800 1099 1878 quod
1114 1816 1179 1862 non
1196 1795 1335 1878 audivit,
1353 1814 1412 1877 per

217 1905 300 1973 alios
318 1912 388 1971 tres
406 1904 502 1981 uiroc,
519 1906 573 1984 qui
589 1905 797 1987 audiverunt,
816 1909 927 1983 poten
943 1922 1014 1969 cum
1032 1903 1238 1969 convincere.
1251 1899 1411 1985 (XXXI.)

655 2106 656 2109 ,
687 2043 763 2107 Post
786 2047 846 2109 ort.
869 2042 942 2107 394.

322 2159 395 2222 124.
432 2156 490 2221 De
525 2159 652 2221 rebus
687 2156 858 2221 iuratis.
892 2156 942 2221 De
975 2155 1064 2221 furto
1099 2174 1210 2220 omnes
1245 2165 1410 2233 resonae

218 2261 390 2341 impetitae
441 2260 567 2325 fuerint
611 2266 646 2325 et
682 2246 851 2344 inventae,
896 2260 990 2326 reddi
1041 2262 1165 2326 debent
1213 2260 1329 2325 invaso
1375 2264 1413 2324 et

219 2367 380 2445 residuae,
405 2366 445 2430 do
469 2365 587 2443 quihus
611 2371 663 2430 est
688 2366 841 2445 suspicio,
876 2367 962 2445 quod
985 2365 1054 2429 sint
1078 2367 1281 2447 subtractae,
1306 2365 1410 2447 judex

218 2468 358 2533 mediam
382 2476 509 2550 partem
534 2475 568 2535 et
586 2469 693 2550 jurati
717 2470 930 2535 medietatem
954 2469 1054 2543 aliam
1073 2468 1202 2535 tollent.

634 2609 710 2673 Posi
732 2613 790 2673 ort.
813 2608 996 2675 roo-402.

320 2724 395 2789 125.
432 2723 517 2787 Von
552 2724 877 2806 hawssuchung.
913 2724 955 2789 Di
991 2742 1114 2805 purger
1144 2740 1208 2786 von
1233 2721 1411 2787 Onasslahs

218 2826 351 2909 iiagten
376 2845 445 2903 uno,
470 2846 538 2892 was
562 2828 719 2893 rechtens
743 2831 881 2893 darumh
905 2848 990 2895 wer:
1022 2828 1139 2893 llinom
1170 2844 1294 2908 purger
1323 2832 1412 2890 wart

219 2936 351 3013 gemant
376 2950 404 2994 u.
429 2933 533 2996 ander
556 2933 627 2997 sein
652 2935 715 2998 hab
739 2935 900 3015 gestolen
929 2934 997 2998 Der
1020 2938 1080 3014 pat
1102 2933 1167 2997 den
1190 2930 1327 3012 11111111,
1350 2931 1412 2995 das

218 3053 255 3098 er
278 3035 515 3119 haussuchung
549 3036 582 3101 in
618 3036 709 3100 eines
743 3038 869 3101 anderu
899 3055 1038 3119 porgens
1065 3036 1158 3102 havvs
1181 3040 1233 3102 tet
1255 3055 1285 3102 u.
1308 3037 1350 3100 do
1374 3053 1414 3099 er

217 3158 262 3221 yn
284 3139 341 3204 hin
364 3140 489 3204 vveiset.
523 3141 599 3206 Und
633 3141 673 3203 do
706 3142 765 3205 der
788 3142 916 3205 richter
939 3144 999 3206 dar
1022 3159 1119 3220 quam
1141 3162 1171 3206 u.
1194 3140 1414 3207 fleisiclichen

218 3244 345 3326 suohet,
369 3246 410 3309 do
434 3250 574 3309 vant'er
598 3243 699 3311 nicht.
733 3243 891 3310 Darnooh'
916 3246 975 3310 vol
999 3248 1081 3310 uher
1104 3247 1184 3311 aoht
1206 3251 1285 3328 tage
1312 3264 1412 3323 quarn

218 3366 255 3412 11
277 3348 382 3413 vvider
406 3366 465 3412 111
490 3349 563 3413 dem
590 3349 717 3413 richter
749 3368 778 3413 1.
814 3355 873 3430 pat
908 3353 970 3415 den
1005 3351 1110 3416 111111
1144 3350 1237 3415 eines
1272 3349 1413 3414 rechten

217 3452 337 3533 willen,
361 3454 420 3518 das
444 3470 519 3517 man
542 3471 594 3533 ym
619 3454 681 3517 den
715 3459 944 3535 vorgonanten
979 3473 1063 3535 man,
1099 3458 1139 3519 do
1174 3472 1211 3518 er
1244 3453 1316 3518 sein
1350 3461 1415 3535 got

219 3558 361 3638 gesuoht
383 3558 465 3637 hett,
488 3563 670 3638 vorpurget
694 3557 755 3622 auf
774 3557 828 3621 ein
851 3560 956 3639 recht,
979 3577 1077 3622 wann
1101 3577 1138 3623 er
1153 3559 1240 3624 wold
1254 3578 1301 3640 yn
1319 3559 1415 3623 nicht

219 3662 409 3733 vorwissen,
434 3679 470 3725 11
492 3679 561 3725 wer
595 3680 636 3725 an
672 3662 798 3726 seinem
833 3668 893 3745 gut
927 3663 1080 3744 schuldig
1103 3682 1133 3727 u.
1156 3664 1243 3729 wold
1270 3682 1316 3745 yn
1338 3663 1415 3727 halt

219 3765 442 3847 uberwindon,
466 3767 525 3829 das
549 3783 585 3830 er
608 3784 660 3846 ym
686 3765 757 3831 sein
781 3774 841 3849 gut
865 3767 1034 3832 vorstolen
1063 3768 1139 3833 hott
1162 3770 1243 3832 ader
1266 3785 1304 3832 er
1325 3769 1414 3832 vvold

220 3868 269 3932 nit
294 3887 371 3949 poss
395 3871 579 3933 hestauden
605 3870 683 3934 sein.
709 3870 758 3935 Do
782 3872 872 3935 diser
895 3891 969 3936 man
992 3871 1046 3937 fur
1068 3874 1133 3937 den
1155 3872 1283 3936 richter
1305 3890 1417 3949 qnam,

218 3973 259 4038 do
283 3973 394 4037 mocht
418 3991 453 4037 er
477 3972 554 4037 nich
578 3992 705 4057 pergen
729 3976 890 4058 gehahen,
922 3978 962 4040 do
986 3977 1056 4059 legt
1080 3996 1153 4042 inan
1177 3995 1221 4059 yn
1245 3975 1414 4059 geiangen

218 4077 253 4140 in
277 4094 446 4157 eysereme
471 4081 552 4156 pant
577 4095 604 4143 u.
630 4080 670 4143 do
695 4082 755 4143 das
780 4079 1416 4163 ,11111111111111111111111111111

218 4200 262 4262 yn
286 4170 449 4261 11111111,
470 4180 566 4261 jener
588 4185 677 4262 aher,
702 4185 760 4247 der
783 4202 828 4264 yn
851 4185 921 4249 sold
945 4187 1171 4251 uherwundeu
1201 4185 1322 4266 haben,
1354 4186 1417 4250 111·

218 4284 383 4350 entwaioh
407 4286 474 4348 und
498 4302 593 4363 quam
619 4286 787 4351 uichtfur.
