3275 5009
31 811 35 882 t

31 884 34 971 ἱ

683 360 850 415 Brnnenses.
1314 368 1375 427 247,

163 570 515 655 testamentumagit,
539 570 656 655 atilli,
686 571 807 651 quibus
838 574 1077 638 testamentum
1110 574 1260 657 debetur,
1292 573 1368 643 sive

163 674 363 756 spirituales
391 674 463 741 sive
494 676 665 742 seculares
695 675 765 742 sint
796 675 955 758 homines,
983 675 1067 743 haec
1098 677 1309 745 dissimulant
1331 684 1368 745 et

160 778 340 848 emendari
361 795 427 844 non
450 785 586 863 curant:
616 779 705 845 alter
736 779 895 847 heredum
926 780 1121 861 quicumque
1143 786 1257 863 potest
1280 801 1366 849 com·

163 882 358 950 missorium
371 901 475 965 super
486 902 526 950 eo
539 883 720 951 convenire
732 903 773 951 ac
786 883 945 967 suffragio
954 885 1041 969 juris
1054 886 1262 969 compellere,
1278 890 1367 967 qnod

165 990 210 1054 de
234 992 439 1054 testamento
463 988 605 1072 ordinet,
628 988 718 1055 sicut
737 989 905 1072 receperit
920 989 955 1056 in
971 989 1171 1070 commissis3
1194 1009 1275 1073 prae
1292 990 1370 1057 aliis

165 1092 256 1159 enim
281 1091 393 1158 causis
416 1093 541 1159 multus
563 1092 661 1161 favor
684 1094 825 1161 debetur
849 1093 1063 1160 testamentis
1087 1093 1315 1161 defunctorum
1331 1100 1376 1161 et·

166 1196 304 1263 dotibus
327 1196 510 1265 mulierum.

271 1353 345 1417 648.
376 1352 426 1413 De
449 1334 658 1415 testamentis
679 1356 807 1436 quando
838 1352 1058 1416 reclamantur
1081 1364 1111 1415 et
1134 1354 1369 1437 impediuntur,

166 1456 375 1541 Quicumque
397 1461 603 1524 testamento
637 1456 862 1540 personaliter
896 1456 1046 1541 interest,
1078 1458 1188 1541 ipsum
1219 1459 1368 1537 audiens,

167 1571 203 1627 et
227 1580 292 1627 non
317 1561 513 1641 reclamans,
541 1578 603 1627 neo
627 1561 819 1643 peripsum
844 1561 1079 1644 praejndicium
1105 1580 1164 1629 sen
1188 1582 1370 1647 gravamen

167 1684 208 1731 ac
220 1662 308 1749 juris
324 1664 378 1731 sui
393 1664 645 1748 derogationem
661 1665 727 1731 sibi
742 1664 816 1731 lieri
833 1669 1034 1750 protestans,
1055 1666 1251 1747 quicumque
1268 1668 1370 1735 etiam

166 1773 290 1836 absens
315 1771 356 1834 de
379 1774 474 1836 certa
497 1769 641 1836 scientia
663 1770 850 1836 instructus
873 1768 985 1853 fuerit,
1010 1776 1248 1837 testamentum
1270 1771 1318 1837 sic
1335 1775 1372 1837 et

165 1874 216 1939 sic
251 1891 326 1941 esse
359 1872 495 1955 iactum,
529 1879 564 1939 et
599 1878 718 1955 postea
752 1873 856 1954 ipsum
889 1891 955 1940 non
990 1875 1249 1942 contradixerit:
1282 1874 1370 1940 tales

166 1985 299 2045 mortuo
336 1982 504 2044 testatore
543 1983 781 2045 testamentum
816 1996 882 2046 non
914 1983 1056 2058 possunt
1089 1979 1273 2045 reclamare
1307 1995 1370 2044 nec

166 2082 363 2164 aliqualiter
385 2081 556 2163 impedire.

274 2187 317 2252 It.
341 2187 593 2253 Testamentum
617 2187 780 2268 impedire
803 2187 930 2269 volens,
951 2188 1052 2252 debet
1076 2205 1185 2254 coram
1203 2191 1372 2253 testatore

167 2290 213 2377 (s'i
236 2296 350 2358 tamen
383 2309 516 2373 compos
548 2290 691 2357 rationis
721 2290 824 2357 fuerit
856 2296 890 2357 et
925 2291 1020 2357 dolor
1051 2291 1273 2376 aegritudinis
1296 2290 1370 2357 fieri

168 2395 351 2481 permittit)
378 2394 650 2489 impedimentum
668 2396 858 2480 hujusmodi
873 2413 1059 2478 proponere
1075 2400 1110 2461 et
1127 2396 1168 2461 de
1185 2413 1246 2461 sua
1261 2396 1370 2463 inten-

168 2500 262 2567 tione
284 2500 393 2581 ipsnm
409 2499 519 2564 lucide
535 2498 723 2565 informare.
739 2498 787 2563 Et
803 2498 832 2564 si
848 2498 994 2565 testibus
1010 2498 1194 2580 impediens
1211 2500 1373 2584 caruerit,

168 2610 317 2673 testator
350 2622 479 2688 negans
512 2603 627 2670 statim
661 2604 694 2669 in
725 2603 813 2670 lecto
848 2602 1063 2688 infirmitatis,
1099 2604 1200 2671 etiam
1229 2606 1372 2672 absente

166 2710 288 2794 judice,
311 2727 423 2775 coram
446 2727 511 2774 uno
534 2707 649 2789 jurato
679 2708 734 2776 vel
766 2726 876 2774 coram
908 2709 1184 2791 testamentariis,
1215 2709 1245 2775 si
1274 2709 1372 2791 plura

170 2814 363 2896 juramenta
393 2814 492 2896 juxta
526 2829 697 2878 numerum
732 2812 1010 2893 querimoniarum
1037 2812 1150 2879 facere
1174 2816 1284 2895 debet,
1306 2830 1371 2877 uno
1456 2870 1460 2875 .

170 2918 239 2984 solo
252 2916 343 2983 facto
357 2919 398 2983 de
415 2916 491 2982 aliis
507 2934 568 2997 per
583 2920 732 2984 actorem
747 2915 998 2982 rationabiliter
1013 2916 1217 2984 absolvetur.
1234 2916 1371 3003 (Merito

171 3021 258 3114 enim
282 3021 440 3104 creditur,
465 3023 552 3101 qnod
575 3020 723 3087 infirmus
745 3020 845 3087 morti
873 3020 1002 3086 vicinus
1020 3038 1079 3103 spe
1095 3020 1215 3087 salutis
1231 3020 1372 3103 animae,

171 3146 229 3209 pro
254 3125 518 3205 quibuscumque
530 3126 648 3208 jurare
664 3124 831 3207 debuerit,
846 3127 930 3191 bene
943 3124 1060 3209 jnret.)
1079 3123 1115 3191 Si
1130 3130 1243 3192 autem
1255 3126 1372 3209 jurare

171 3249 252 3313 prae
277 3230 392 3297 dolore
414 3245 482 3295 non
504 3228 661 3310 potnerit,
677 3246 889 3311 possessores
906 3231 1076 3311 bonorum,
1092 3246 1130 3294 eo
1147 3228 1315 3314 defuncto,
1330 3230 1372 3295 de

169 3333 319 3417 qualibet
343 3332 548 3414 querimonia
572 3350 636 3398 uno
656 3333 846 3417 juramento
871 3350 908 3398 se
932 3335 1176 3414 expurgabunt.

273 3491 348 3554 649.
380 3489 431 3551 Da
465 3490 666 3551 testamentis
700 3490 828 3573 quando
862 3488 1011 3551 altimum
1047 3488 1186 3572 repellat
1216 3490 1375 3571 primunr,-

170 3595 223 3661 Ad
247 3595 320 3676 hoc,
344 3594 432 3673 quod
455 3592 606 3658 ultimum
629 3597 867 3659 testamentum
891 3593 1035 3674 repellat
1051 3593 1201 3676 primum,
1216 3610 1373 3659 necessa·

169 3702 254 3767 rium
267 3699 427 3783 estquod
439 3699 561 3764 habeat
577 3697 804 3763 testimonium
820 3697 990 3764 efficacius
1007 3701 1043 3763 et
1059 3696 1261 3779 credibilius,
1274 3714 1372 3775 quam

171 3804 319 3885 primum.
343 3803 386 3868 It.
409 3800 446 3867 Si
468 3806 707 3868 testamentum
730 3802 912 3867 secundum
933 3820 999 3868 non
1016 3805 1130 3867 cassat
1146 3800 1296 3884 primum,
1312 3802 1372 3867 sed

169 3913 299 3975 tantum
320 3906 435 3986 aliqua
458 3906 492 3972 in
516 3906 620 3987 primo
645 3906 786 3971 obscura
809 3905 961 3972 declarat
983 3910 1019 3971 et
1042 3905 1214 3988 dilucidat,
1240 3907 1283 3971 ad
1306 3906 1369 3971 hoc

171 4012 296 4079 sufficit
317 4009 545 4078 testimonium
568 4028 675 4090 aeque
704 4008 802 4092 sorte,
826 4010 915 4075 sicut
939 4008 1057 4076 habuit
1092 4009 1240 4090 primum.
1271 4009 1313 4074 It.
1337 4005 1373 4073 Si

172 4120 409 4183 testamentum
433 4132 577 4194 sequens
601 4133 667 4181 non
690 4114 780 4180 tollit
801 4115 944 4196 primum
967 4130 1029 4178 nec
1058 4112 1167 4193 ipsum
1197 4113 1372 4196 specificat

173 4226 207 4287 ot
229 4219 377 4302 exponit,
400 4220 490 4285 sicut
511 4218 545 4284 in
569 4218 787 4301 praecedenti
809 4216 1021 4301 paragrapho
1038 4215 1230 4283 immediate
1246 4216 1373 4282 dictum

175 4332 233 4409 est,
255 4326 316 4393 sed
339 4328 469 4390 tantum
493 4325 656 4403 quaedam
676 4324 719 4388 ad
736 4323 879 4389 salutem
893 4322 1023 4388 animae
1040 4320 1245 4403 pertinentia
1264 4321 1373 4403 primo
