3275 5009
280 390 315 441 42
797 384 962 438 Sententiae

278 596 482 675 respondere
505 594 664 659 debeat“:
687 610 767 677 ergo
797 595 939 659 heredes
968 598 1175 674 praesentes,
1203 598 1262 657 aut
1285 607 1379 672 uxor,
1406 592 1474 657 sive

278 697 449 781 legitimus
472 715 647 764 successor
674 697 871 777 quicumque
901 698 1026 763 debent
1056 697 1099 762 ad
1126 694 1365 775 querimoniam
1394 694 1474 776 ipsis

280 809 403 867 motam
426 803 608 867 secundum
627 800 795 882 justitiam
818 802 1032 883 respondere.

382 942 435 1005 48.
460 938 553 1011 Quod
576 948 668 1001 octor
684 948 796 1022 potest
818 939 967 1021 racipere
990 945 1103 1000 contre
1125 958 1222 1002 ream.
1254 936 1290 1002 Si
1309 938 1418 1020 judex
1441 943 1473 1003 et

275 1046 382 1129 jurati
405 1048 446 1111 de
470 1043 532 1128 his,
555 1062 640 1124 quae
662 1049 757 1110 actor
773 1043 807 1108 in
824 1042 1023 1126 exceptione
1040 1040 1220 1124 proposuit,
1242 1044 1472 1107 testabuntur:

278 1167 354 1216 reus
390 1168 457 1215 uon
487 1154 600 1229 potest
634 1148 877 1230 prolocutorem
914 1148 1049 1230 habere,
1086 1156 1122 1211 et
1146 1147 1265 1227 debet,
1304 1146 1333 1211 si
1373 1164 1473 1211 causa

280 1253 471 1334 criminalis,
493 1253 610 1318 mortis
633 1251 795 1335 supplicio
821 1252 939 1333 puniri.

382 1358 429 1423 Et
444 1364 497 1423 est
512 1359 763 1439 advertendum,
780 1359 866 1437 quod
882 1357 916 1421 in
933 1356 1083 1422 omnibus
1097 1352 1257 1437 gravibus
1271 1354 1474 1435 excessibus,

278 1461 376 1543 sicut,
408 1463 437 1527 si
459 1461 579 1542 aliquis
602 1460 780 1527 committit
802 1458 1013 1527 homicidium
1040 1458 1164 1541 juratis
1196 1458 1397 1543 videntibus,
1422 1459 1473 1525 vel

277 1583 388 1632 coram
418 1567 543 1649 judicio
570 1566 675 1632 violat
699 1584 814 1649 pacem
837 1564 937 1631 iactis
960 1565 1014 1630 vel
1036 1563 1173 1647 opponit
1196 1582 1232 1628 se
1252 1562 1388 1646 judicio,
1419 1565 1473 1630 vel

277 1669 412 1751 aliquod
434 1670 503 1737 tale
526 1668 622 1736 naias
646 1676 829 1753 perpetrat,
853 1670 962 1735 dictus
985 1669 1101 1734 modus
1125 1674 1295 1749 servatur,
1332 1669 1471 1752 scilicet,

278 1776 365 1854 quod
394 1792 462 1851 reo,
491 1774 521 1839 si
543 1779 639 1839 actor
662 1773 757 1857 petit,
783 1773 973 1853 prolocutor
997 1789 1062 1838 uon
1085 1773 1193 1854 datur,
1217 1774 1275 1838 sed
1299 1772 1416 1838 statim
1437 1778 1473 1838 ut

277 1878 450 1945 conuictus
475 1880 745 1959 condempnatur.

380 2018 433 2082 49.
461 2014 553 2089 Quod
582 2037 656 2079 reus
687 2017 837 2099 κοίρανε
869 2024 975 2097 potest
1004 2024 1116 2077 contra
1146 2024 1294 2078 actorem·
1329 2016 1364 2083 Si
1397 2036 1472 2084 reus

276 2128 390 2203 potest
412 2127 558 2189 actorem
583 2122 781 2188 convincere
805 2120 996 2188 testimonio
1028 2119 1218 2202 sufficienti,
1250 2121 1338 2186 sicut
1368 2120 1472 2187 formu

273 2225 360 2307 juris
384 2226 534 2307 requirit,
558 2226 645 2305 quod
667 2226 759 2307 prius
783 2244 843 2305 pro
866 2223 954 2289 furto
986 2227 1142 2290 emendas
1166 2224 1297 2290 notorie
1320 2226 1473 2293 solverit:

275 2328 348 2411 ipse
392 2335 516 2409 utetur,
562 2335 596 2393 et
638 2346 703 2393 nou
742 2334 879 2394 tenetur
917 2330 961 2393 ad
997 2327 1068 2408 ejus
1106 2327 1350 2413 querimoniam,
1389 2348 1472 2409 quae

275 2438 454 2513 reputatur
477 2431 656 2498 temeraria
680 2440 715 2496 et
737 2430 858 2497 frivola
882 2439 918 2498 et
941 2450 982 2497 ex
1002 2429 1079 2497 dolo
1114 2433 1304 2515 procedere,
1336 2450 1471 2516 respon·

277 2538 365 2603 dere.
403 2537 514 2603 Fraus
552 2536 638 2602 euim
673 2541 707 2599 et
742 2538 836 2601 dolus
870 2536 954 2602 nulli
992 2537 1115 2602 debent
1154 2536 1375 2618 patrocinari3
1417 2536 1471 2617 qui

277 2640 377 2707 etiam
401 2641 503 2707 semel
525 2640 590 2706 fuit
608 2641 722 2723 malus,
741 2658 873 2723 semper
889 2638 1006 2723 postea
1022 2640 1248 2724 praesumitur
1264 2660 1339 2707 esse
1357 2641 1471 2707 malus.

381 2781 433 2847 50.
465 2778 558 2851 Quod
588 2792 680 2842 actor
706 2788 815 2864 potest
850 2782 998 2864 excipere
1033 2790 1145 2843 eontra
1170 2780 1325 2864 judione.
1360 2782 1471 2847 Judex

275 2884 310 2949 iu
334 2902 436 2950 causa
460 2903 519 2949 sua
543 2884 597 2950 vel
618 2885 777 2951 heredum
808 2885 864 2950 vel
893 2883 1143 2951 familiariorum
1173 2903 1307 2951 suorum
1340 2886 1470 2951 nomine

272 2988 398 3073 judicio
424 2989 616 3069 praesidere
639 3008 701 3056 uec
724 2990 825 3055 alteri
848 2988 1054 3055 committere
1079 2994 1198 3071 potest.
1222 2988 1319 3055 Unde
1339 2988 1375 3055 iu
1392 3008 1470 3055 casu

275 3093 461 3184 hujusmodi
489 3093 643 3175 exceptio
674 3094 799 3159 actoris
830 3099 884 3158 est
915 3097 1081 3171 tamquam
1112 3092 1325 3159 rationabilis
1355 3100 1471 3159 contra

270 3197 416 3280 judicem
440 3198 657 3280 admittenda,
689 3202 775 3264 unde
799 3201 936 3279 propter
960 3197 1180 3279 suspicionem
1203 3198 1384 3265 tollendam
1409 3217 1469 3265 nec

274 3302 385 3385 judex,
409 3309 447 3365 ut
470 3302 593 3367 dictum
617 3308 681 3386 est,
704 3305 804 3368 debet
828 3302 1020 3383 praesidere
1048 3321 1109 3369 nee
1140 3303 1231 3369 uices
1263 3321 1341 3369 suas
1374 3303 1472 3369 alteri

276 3405 490 3482 committere,
514 3408 574 3471 sed
595 3406 698 3489 jurati
718 3407 863 3490 jndicem
888 3407 1024 3489 eligant,
1050 3426 1222 3489 personam
1239 3408 1372 3474 scilicet
1388 3427 1471 3474 com·

275 3528 404 3575 munem
428 3509 579 3591 partibus
603 3518 847 3594 conpetentem.

379 3650 430 3716 51.
454 3645 548 3720 Quod
570 3670 643 3712 reus
665 3657 772 3732 potest
798 3652 947 3733 occipere
978 3661 1090 3713 contra
1110 3654 1254 3737 judicem
1277 3663 1308 3718 et
1322 3658 1466 3740 juratos.

274 3751 310 3817 Si
329 3753 435 3836 judex
457 3756 492 3818 et
509 3754 616 3837 jurati
640 3752 736 3821 simul
759 3754 793 3819 iu
810 3754 955 3836 aliquam
971 3754 1146 3823 honestam
1164 3777 1338 3840 personam
1354 3770 1473 3848 agunt,

274 3862 333 3922 aut
356 3856 430 3922 vice
454 3876 566 3923 eorum
582 3877 643 3940 per
657 3858 891 3940 interpositam
910 3878 1100 3939 personam:
1125 3870 1201 3928 tune
1220 3867 1373 3944 exceptio
1391 3869 1470 3935 talis

274 3961 333 4042 rei,
345 3960 374 4025 si
386 3961 586 4042 interposita
601 3961 711 4044 fuerit,
729 3962 849 4029 efficax
865 3971 918 4029 est
935 3971 970 4030 et
986 3966 1087 4048 justa.
1106 3967 1201 4033 Unde
1213 3968 1247 4035 iu
1261 3970 1321 4035 tali
1334 3989 1424 4055 casu,
1437 3974 1472 4039 in
1522 4024 1525 4031 .

275 4081 339 4143 quo
358 4065 462 4146 jndex
478 4073 514 4129 et
525 4066 630 4148 Jurati
647 4067 743 4131 simul
756 4074 870 4150 agunt,
884 4069 955 4133 siue
970 4088 1029 4151 per
1040 4071 1283 4156 interpositam,
1296 4081 1334 4139 ut
1346 4076 1472 4143 dictum

274 4174 336 4250 est,
347 4186 531 4252 personam,
544 4189 608 4235 uon
622 4179 761 4251 possunt
774 4170 873 4236 simul
886 4190 986 4255 agere
996 4180 1031 4238 et
1041 4174 1218 4242 officiorum
1230 4195 1364 4245 suorum
1374 4189 1471 4247 actus

272 4271 403 4337 debitos
434 4290 601 4339 exercere.
635 4274 788 4353 Aliquem
816 4274 902 4339 euim
928 4276 1023 4344 simul
1049 4297 1122 4344 esse
1147 4286 1302 4363 actorem,
1323 4281 1471 4364 judicem

271 4381 307 4439 et
331 4375 533 4442 sententiam
566 4378 776 4444 diffinitivam
808 4376 1001 4463 dictantem,
1025 4402 1089 4447 nou
1113 4390 1273 4451 consonat
1296 4388 1469 4467 aequitati.
