3275 5009
588 344 751 400 Sententiae
769 344 954 414 Iglavienses.
1322 352 1374 404 313

169 567 286 634 senior
316 566 422 634 frater
452 569 493 634 de
527 569 623 634 bonis
657 568 843 650 hujusmodi
879 588 916 636 se
949 571 1179 638 intromittens
1212 572 1372 638 mediocri

167 668 273 736 fratri
295 691 353 738 suo
377 676 508 754 partem
531 673 672 738 mediam
695 690 809 739 eorum
827 673 929 756 dedit,
942 673 1055 756 junior
1070 680 1180 741 autem
1196 677 1238 741 ad
1255 680 1370 757 partes

168 781 317 844 remotas
342 777 513 843 declinans
537 783 573 843 et
595 795 668 843 cum
683 783 760 858 post
776 783 851 843 octo
867 796 972 844 annos
986 783 1136 860 tempore
1152 779 1370 860 pestilentiae

169 898 328 947 reversus
365 879 498 963 fuisset,
534 879 673 948 fratrem
708 881 882 965 seniorem,
915 880 971 962 qui
1006 900 1140 948 uxorem
1176 889 1212 947 et
1247 901 1370 963 pueros

165 985 361 1065 reliquerat,
395 985 593 1052 intestatum
627 987 815 1052 decessisse
849 985 1035 1067 inveniam,
1068 986 1192 1067 petivit
1218 985 1369 1054 afratre

167 1089 329 1155 mediocri
351 1095 481 1171 partem
505 1107 607 1155 suam.
632 1088 698 1172 Qui
712 1092 897 1174 respondit,
912 1091 999 1171 quod
1014 1089 1132 1156 fratris
1149 1097 1242 1156 esset
1256 1109 1370 1158 secum

163 1191 320 1259 dividere
351 1211 391 1260 ea
425 1211 511 1273 quae
543 1195 655 1260 habet.
689 1193 760 1259 Isto
784 1197 879 1260 modo
902 1213 922 1260 a
946 1194 1143 1261 consobrina
1165 1213 1234 1278 sua,
1258 1213 1302 1260 sc.
1325 1197 1368 1263 ab

161 1314 272 1378 uxore
294 1295 412 1364 fratris
435 1298 487 1363 sui
510 1297 662 1381 senioris,
686 1317 758 1364 cum
780 1298 935 1366 similiter
957 1299 1142 1380 portionem
1163 1317 1256 1365 suam
1272 1317 1369 1382 repe·

163 1403 266 1483 teret,
300 1401 483 1486 respondit,
518 1404 605 1482 quod
640 1402 723 1468 nihil
757 1406 798 1469 de
833 1422 894 1469 suo
924 1404 1065 1470 haberet
1093 1402 1160 1468 nisi
1189 1405 1276 1469 bona
1306 1421 1369 1485 per

165 1505 324 1571 maritum
348 1524 443 1572 suum
466 1507 531 1573 sibi
552 1506 688 1572 dimissa
713 1526 787 1573 cum
803 1509 875 1590 eJus
891 1506 1002 1588 potius
1020 1506 1222 1588 possideret,
1244 1511 1364 1588 petens

158 1607 304 1691 insuper
326 1628 386 1689 pro
409 1629 447 1676 se
469 1610 721 1676 sententialiter
746 1610 899 1687 inveniri,
930 1629 1004 1675 cum
1032 1615 1069 1676 et
1090 1611 1230 1677 maritus
1260 1611 1367 1691 ipsius

159 1716 199 1778 ct
223 1713 299 1794 ipsa
321 1731 395 1780 cum
418 1716 532 1797 pueris
555 1715 625 1780 suis
649 1714 800 1797 plurious
824 1713 921 1780 annis
944 1716 1018 1781 sine
1041 1713 1251 1796 impetitione
1280 1716 1366 1781 bona

158 1815 247 1882 talia
271 1816 470 1906 tenuissent,
501 1821 614 1884 utrum
645 1819 692 1884 eis
728 1837 787 1901 per
822 1819 965 1898 aliquem
1000 1826 1138 1899 possent
1172 1817 1366 1884 decertari?

268 1939 547 2022 Responsum,
563 1942 650 2018 quod
666 1939 786 2021 petitio
801 1939 881 2004 talis
893 1938 1041 2004 mulieris
1053 1944 1090 2004 et
1102 1956 1277 2020 puerorum
1292 1940 1364 2021 eJus

160 2059 228 2107 non
253 2047 308 2108 est
331 2041 548 2120 admittenda,
573 2045 631 2108 sed
652 2042 776 2125 Juniori
799 2042 867 2107 filio
891 2045 992 2109 debat
1016 2060 1095 2123 pars
1117 2059 1179 2108 sua
1199 2043 1304 2108 tertia
1320 2045 1362 2108 ab

160 2144 317 2226 utrisque
330 2146 483 2228 partibus
495 2147 672 2231 assignari,
681 2150 716 2213 et
728 2147 778 2213 sic
790 2146 892 2214 vidua
904 2146 1025 2211 relicta
1037 2162 1139 2226 super
1150 2153 1247 2227 parte
1259 2147 1363 2211 tertia

157 2246 280 2316 fratris
304 2249 444 2315 senioris
468 2268 534 2316 una
569 2269 640 2316 cum
677 2249 788 2331 pueris
824 2250 894 2314 suis
927 2249 1227 2331 praescripserunt,
1259 2248 1361 2317 fratri

159 2369 242 2418 vero
262 2352 388 2438 juniori
411 2371 512 2435 super
535 2361 630 2436 parte
654 2373 715 2420 sua
737 2354 816 2419 talis
837 2352 1070 2436 praescriptio,
1094 2353 1124 2419 si
1139 2360 1253 2418 tamen
1268 2352 1360 2419 aliud

155 2473 227 2522 non
251 2459 375 2540 obstat,
397 2456 521 2524 nullum
545 2456 781 2540 praejudicium
805 2457 992 2540 generavit.

633 2631 709 2696 Post
731 2635 791 2696 ort.
814 2629 886 2695 333.

161 2781 164 2788 ·
265 2753 320 2819 99.
344 2751 403 2818 De
426 2753 735 2836 resignatione
759 2762 801 2819 et
825 2753 1050 2818 solutione
1077 2751 1358 2819 hereditatis.

154 2853 410 2921 sententiatum
448 2860 501 2923 est
539 2856 839 2934 czaslaviensibus
874 2859 961 2936 quod
996 2856 1188 2923 hereditate
1223 2855 1361 2922 vendita

156 2959 254 3040 prius
277 2961 378 3026 debet
400 2961 473 3026 fieri
496 2962 659 3042 pecuniae
684 2963 819 3044 pagatio
851 2979 911 3042 per
934 2968 1107 3042 ementem,
1136 2978 1234 3039 quam
1264 2961 1359 3034 here·

153 3061 279 3129 ditatis
303 3063 486 3144 resignatio
510 3084 570 3147 per
593 3067 801 3131 vendentem.
826 3064 908 3147 (45.)

264 3222 340 3288 101).
366 3221 422 3287 116
453 3225 605 3288 eodem.
629 3223 670 3287 It.
694 3223 936 3288 sententiatum
959 3228 1012 3288 est
1035 3221 1178 3288 eisdem:
1202 3220 1236 3286 Si
1261 3221 1356 3285 homo

156 3325 234 3391 vult
256 3326 356 3392 alteri
381 3345 491 3394 coram
523 3326 646 3410 judicio
680 3327 824 3406 aliquam
859 3326 1082 3391 hereditatem
1117 3325 1290 3408 resignare
1320 3329 1356 3389 et

152 3429 247 3494 alter
269 3429 401 3512 impetit
424 3433 575 3498 eandem:
598 3450 663 3496 non
688 3434 788 3498 debet
810 3432 942 3497 admitti
965 3432 1160 3514 resignatio,
1182 3429 1246 3494 nisi
1262 3427 1355 3509 prius

157 3530 192 3595 in
216 3534 331 3598 eodem
355 3536 410 3600 vel
432 3536 551 3601 saltem
574 3536 608 3601 ln
632 3536 780 3616 proximo
804 3536 960 3615 sequenti
978 3535 1105 3619 judicio
1136 3535 1197 3600 fiat
1223 3532 1354 3613 impeti·

152 3635 260 3702 tionis
284 3637 472 3718 dissoluti03
496 3657 555 3720 per
570 3641 631 3706 hoc
648 3639 733 3706 enim
751 3640 924 3707 breviatur
940 3647 975 3706 et
990 3638 1196 3721 praeciditur
1211 3636 1354 3702 materia

156 3737 325 3824 litigandi.
353 3742 433 3827 (46.)

261 3875 433 3955 101.'Da
467 3889 749 3971 impetitione
783 3891 1063 3957 hereditatis.
1097 3890 1167 3955 Das
1199 3889 1244 3954 ist
1267 3890 1352 3955 auch

155 3989 271 4074 regen
294 3991 471 4059 Ozasslavs
495 3997 632 4078 getailt:
656 3998 739 4062 Wer
762 3998 835 4062 dem
859 3997 989 4061 andern
1018 3996 1073 4060 oin
1097 3995 1157 4058 erb
1187 3996 1353 4073 anspraclr

156 4096 271 4161 machi
293 4098 362 4162 und
383 4099 468 4163 noch
491 4100 551 4165 der
574 4102 737 4180 ansprach
762 4100 832 4165 still
855 4104 1006 4182 sweyget
1025 4098 1080 4180 jar
1103 4116 1133 4163 u.
1155 4101 1223 4180 tag,
1240 4099 1300 4163 das
1316 4117 1354 4164 er

158 4199 219 4264 mit
240 4220 295 4283 ym
318 4204 395 4268 umb
418 4203 572 4268 dasselbe
596 4207 654 4268 erb
678 4203 771 4270 nicht
794 4202 981 4286 taydinget,
1015 4206 1077 4268 der
1109 4221 1185 4286 mag
1219 4201 1263 4267 im
1294 4204 1352 4268 hin

154 4304 243 4370 noch
266 4305 420 4371 dasselbe
444 4307 523 4370 erbo
547 4305 641 4372 nicht
663 4308 894 4390 abgewinnen.
915 4306 997 4392 (47.)
