3275 5009
307 363 359 418 212
823 363 990 418 Sententiae

308 572 421 638 tractu
444 570 506 638 tali
529 573 683 655 pudenda
702 573 916 656 deteguntur,
932 572 1102 639 honestati
1125 591 1226 639 sexus
1248 572 1409 640 muliebris
1428 575 1492 638 hoc

307 674 468 758 parcitur,
489 679 624 742 atamen
646 678 753 759 poena
776 677 876 742 rotali
901 677 1048 758 punitur.

411 779 447 846 Si
469 781 588 846 mulier
609 781 786 847 ostendere
809 780 937 862 poterit
962 779 1116 845 maritum
1139 791 1178 845 ut
1201 780 1365 849 adulterio
1394 781 1488 847 deliu-

307 889 472 967 queutom‚
485 890 525 950 ut
540 883 711 952 veneficiis
726 883 950 966 insistentem,
969 887 1029 952 aut
1051 883 1272 950 seditionibus
1297 893 1490 966 occupatum,

306 995 344 1052 ut
366 987 576 1057 latrocinium
599 991 786 1055 sectantem
808 995 870 1053 aut
891 987 1135 1054 intronizantes
1165 987 1408 1071 suscipientem,
1433 997 1491 1054 aut

306 1091 335 1158 si
358 1095 477 1173 probet
500 1109 574 1158 eum
599 1090 812 1176 plagieutem,
844 1094 903 1158 aut
932 1091 1102 1156 luxuriose
1132 1091 1314 1173 viventem,
1342 1099 1379 1157 ut
1398 1091 1494 1173 inspi-

306 1195 416 1262 ciente
446 1212 549 1262 uxore
579 1212 654 1260 cum
681 1193 758 1261 aliis
790 1198 1021 1276 corrumpatur
1052 1190 1156 1279 (quod
1184 1195 1326 1260 maxime
1348 1196 1491 1261 mulieres

306 1302 494 1380 exasperat,
517 1301 552 1365 et
574 1298 754 1380 praecipue
783 1296 924 1382 castas),
952 1302 992 1362 ut
1021 1297 1052 1362 si
1082 1294 1223 1363 iusidias
1253 1317 1291 1364 se
1322 1317 1431 1380 passas
1452 1318 1491 1364 ex

305 1402 388 1469 viris
410 1406 529 1485 probet
551 1403 641 1496 circa
663 1401 810 1485 ipsarum
832 1403 983 1483 salutem,
1005 1405 1065 1468 aut
1088 1401 1198 1483 gladio
1222 1407 1285 1467 aut
1300 1421 1422 1470 veneno
1435 1409 1491 1469 aut

306 1525 366 1588 per
401 1506 543 1587 aliquem
581 1506 682 1572 alium
715 1507 846 1573 modum
888 1504 1030 1592 (multae
1063 1523 1203 1586 namque
1237 1505 1419 1572 homiuibus
1449 1509 1490 1572 ad

305 1610 469 1678 maliciam
493 1612 568 1677 viae
591 1611 686 1696 sunt)
710 1613 768 1676 aut
791 1609 820 1676 si
843 1609 986 1693 flagellis
1009 1627 1111 1690 super
1133 1628 1173 1675 ea
1196 1615 1327 1677 utatur:
1346 1611 1374 1676 si
1394 1610 1493 1695 igitur

305 1715 374 1782 tale
407 1714 532 1796 aliquid
567 1712 684 1780 mulier
718 1713 896 1780 ostendere
930 1712 1065 1796 poterit,
1094 1714 1265 1780 licentiam
1297 1716 1355 1780 dat
1384 1716 1491 1780 cilex

305 1820 442 1903 repudio
465 1818 515 1886 nti
538 1823 573 1884 et
595 1816 722 1899 nuptiis
746 1818 928 1894 abstinere,
952 1819 1129 1898 dotemque
1153 1818 1326 1900 percipere
1350 1823 1384 1884 et
1403 1823 1490 1884 ante·

304 1923 486 2005 nuptialem
509 1921 720 1988 donatiouem
735 1924 858 2004 totam;
880 1926 916 1988 et
930 1939 997 1987 non
1011 1920 1117 1986 solum
1133 1921 1162 1987 si
1178 1939 1291 1987 omnes
1307 1923 1491 2004 probaverit

236 2067 238 2072 .
305 2046 433 2111 causas,
447 2029 507 2093 sed
524 2025 625 2092 etiam
640 2025 670 2090 si
685 2042 793 2092 unam.
807 2025 895 2091 Item
909 2025 965 2090 lex
979 2023 1150 2092 licentiam
1164 2027 1224 2091 dat
1240 2025 1313 2093 viro
1329 2026 1489 2092 mulierem

305 2131 447 2215 abicere,
471 2131 501 2196 si
523 2129 711 2196 adulteram
733 2128 886 2196 inveniet
907 2132 966 2194 aut
988 2129 1180 2212 veneficam,
1202 2134 1240 2194 ιι
1262 2147 1370 2210 supra.

409 2287 483 2352 539.
507 2285 683 2368 Deposita
713 2305 754 2347 ιι
782 2285 958 2370 proposito
993 2285 1176 2351 occidentia.
1222 2284 1424 2368 Quicumque
1456 2303 1493 2350 ex

303 2391 474 2476 proposito
498 2394 532 2456 et
563 2387 672 2456 auimo
700 2386 886 2455 deliberato
908 2387 1009 2454 alium
1032 2387 1172 2470 invadit,
1203 2388 1287 2455 licet
1310 2390 1408 2456 etiam
1430 2406 1489 2454 nou

304 2496 447 2580 occidat,
470 2500 580 2561 tamen
603 2492 754 2559 sisoium
777 2492 933 2560 vulneret
955 2493 1138 2558 secuudum
1158 2492 1231 2574 eJ‘us
1247 2493 1365 2560 maiam
1381 2494 1487 2560 voiun-

303 2605 417 2683 tatem,
450 2617 547 2680 quam
569 2597 697 2680 habuit,
720 2599 755 2662 et
777 2595 827 2662 sic
850 2600 1052 2678 compertum
1078 2595 1198 2663 inerit:
1221 2603 1259 2662 ut
1281 2596 1489 2664 mortificator

303 2703 447 2789 punitur.
484 2703 595 2770 Debet
618 2718 699 2785 ergo
722 2701 830 2766 cauda
853 2701 930 2781 equi
953 2699 1087 2784 alligari
1109 2713 1146 2766 ιι
1168 2718 1228 2782 per
1251 2701 1403 2768 diversas
1425 2701 1486 2783 pla·

301 2815 376 2878 teas
399 2806 554 2874 hincinde
577 2803 677 2887 trahi,
699 2807 735 2871 et
748 2803 884 2871 interim
907 2822 989 2872 voce
1012 2804 1171 2886 preconia
1193 2806 1318 2872 debent
1339 2821 1487 2872 excessus

301 2914 352 2981 sui
375 2911 547 2996 publicari.
571 2910 617 2976 Et
632 2908 662 2976 si
676 2908 726 2976 ita
749 2907 865 2993 gravis
887 2907 926 2974 fit
942 2925 1110 2986 excessus,
1133 2909 1235 2975 debet
1250 2927 1352 2991 super
1373 2910 1486 2978 fossam

301 3020 345 3086 ad
367 3018 427 3084 hoc
448 3016 573 3083 factam
596 3011 674 3098 poni
698 3016 732 3078 et
748 3011 882 3096 singula
905 3010 979 3095 ojus
1000 3014 1147 3078 membra
1171 3031 1245 3080 cum
1261 3019 1337 3079 rota
1361 3012 1482 3082 concuti

303 3128 339 3189 ιι
375 3122 508 3187 tandem
531 3135 634 3201 super
666 3121 744 3185 rota
778 3117 813 3182 in
847 3117 951 3183 altum
985 3116 1133 3200 extendi,
1165 3120 1253 3197 quod
1279 3117 1330 3184 sic
1364 3119 1486 3187 vidente

301 3226 422 3310 populo
445 3223 615 3292 moriatur.

300 3438 409 3502 mente
422 3437 590 3515 corrupta,
605 3447 685 3514 ergo
702 3428 843 3512 obtinet,
860 3429 946 3509 quod
962 3430 1145 3495 secuudum
1156 3428 1266 3514 Leges
1278 3429 1314 3496 iu
1325 3425 1488 3498 maleficiis

299 3538 410 3621 potius
431 3536 586 3606 voluutas
609 3537 645 3602 et
667 3530 807 3600 effectus
831 3531 1018 3613 inspicitur,
1041 3550 1139 3613 quam
1161 3531 1322 3600 defectus.

404 3329 451 3396 Et
483 3329 572 3409 quod
605 3326 728 3393 dictum
764 3332 818 3390 ost
851 3323 886 3389 in
916 3324 1087 3391 sententia
1119 3326 1159 3391 de
1182 3325 1435 3393 mortificatione
1455 3327 1493 3389 et-

403 3659 482 3744 (Pro
504 3657 573 3723 ista
594 3654 736 3721 materia
758 3653 891 3735 require
912 3672 1016 3735 supra
1038 3654 1156 3720 titulos
1180 3655 1259 3736 „De
1283 3654 1480 3724 emendis*
1570 3644 1571 3663 l

299 3773 334 3831 et
355 3764 443 3830 inira
467 3762 544 3845 „De
568 3759 845 3828 vulneribus“
871 3763 907 3824 et
931 3758 1011 3842 „De
1034 3758 1314 3842 tormentis“.)

402 3918 474 3984 540.
508 3917 559 3980 Do
591 3916 708 4002 poenis
742 3923 897 3999 quantum
931 3915 976 3977 ad
1009 3914 1215 3978 interdictum
1249 3915 1406 3982 ciuitatis.
1436 3912 1484 3978 Ab

296 4023 434 4106 antiquo
458 4025 653 4089 consuetum
676 4022 739 4103 est,
775 4019 864 4100 quod
891 4017 1088 4100 quicumque
1112 4037 1172 4101 pro
1192 4019 1365 4087 maleficiis
1382 4014 1479 4101 flagei·

296 4129 397 4212 latur,
411 4125 566 4194 membris
580 4125 765 4208 mutilatur,
782 4124 839 4190 vel
854 4122 955 4189 aliter
972 4125 1155 4190 secundum
1167 4123 1339 4209 justiciam
1358 4130 1485 4205 corpore
1569 4200 1570 4211 ἵ

296 4233 453 4301 vitiatur:
475 4230 524 4297 illi
548 4227 670 4300 civitas
694 4232 748 4295 est
766 4227 959 4311 interdicta,
980 4245 1043 4294 uec
1066 4229 1108 4293 de
1124 4233 1237 4294 cetero
1261 4232 1315 4294 est
1338 4229 1408 4312 eins
1422 4219 1481 4290 sibi
1569 4214 1570 4283 i

295 4335 454 4405 introitus
478 4334 720 4404 concedendus.
