<?xml version="1.0" encoding="UTF-8"?>
<!DOCTYPE html PUBLIC "-//W3C//DTD XHTML 1.0 Transitional//EN"
    "http://www.w3.org/TR/xhtml1/DTD/xhtml1-transitional.dtd">
<html xmlns="http://www.w3.org/1999/xhtml" xml:lang="en" lang="en">
 <head>
  <title>
</title>
<meta http-equiv="Content-Type" content="text/html;charset=utf-8" />
  <meta name='ocr-system' content='tesseract 3.04.00' />
  <meta name='ocr-capabilities' content='ocr_page ocr_carea ocr_par ocr_line ocrx_word'/>
</head>
<body>
  <div class='ocr_page' id='page_1' title='image "./codexjurisbohem00unkngoog_0304.png"; bbox 0 0 3275 5009; ppageno 0'>
   <div class='ocr_carea' id='block_1_1' title="bbox 504 1184 1246 1272">
    <p class='ocr_par' dir='ltr' id='par_1_1' title="bbox 504 1184 1246 1272">
     <span class='ocr_line' id='line_1_1' title="bbox 504 1184 1246 1272; baseline -0.001 -18"><span class='ocrx_word' id='word_1_1' title='bbox 504 1184 689 1257; x_wconf 86' lang='lat' dir='ltr'><strong>Addenda</strong></span> <span class='ocrx_word' id='word_1_2' title='bbox 710 1205 732 1253; x_wconf 90' lang='lat' dir='ltr'><strong>e</strong></span> <span class='ocrx_word' id='word_1_3' title='bbox 754 1184 885 1254; x_wconf 90' lang='lat' dir='ltr'><strong>codice</strong></span> <span class='ocrx_word' id='word_1_4' title='bbox 908 1184 1246 1272; x_wconf 84' lang='lat' dir='ltr'><strong>Kuttenborgensi.</strong></span> 
     </span>
    </p>
   </div>
   <div class='ocr_carea' id='block_1_2' title="bbox 757 1414 989 1478">
    <p class='ocr_par' dir='ltr' id='par_1_2' title="bbox 757 1414 989 1478">
     <span class='ocr_line' id='line_1_2' title="bbox 757 1414 989 1478; baseline -0.013 0"><span class='ocrx_word' id='word_1_5' title='bbox 757 1414 833 1478; x_wconf 75' lang='lat' dir='ltr'><strong>Posi</strong></span> <span class='ocrx_word' id='word_1_6' title='bbox 856 1417 915 1478; x_wconf 74' lang='lat' dir='ltr'><strong>aut.</strong></span> <span class='ocrx_word' id='word_1_7' title='bbox 939 1415 989 1478; x_wconf 81' lang='lat'><strong>54.</strong></span> 
     </span>
    </p>
   </div>
   <div class='ocr_carea' id='block_1_3' title="bbox 277 1552 1472 2364">
    <p class='ocr_par' dir='ltr' id='par_1_3' title="bbox 277 1552 1472 2364">
     <span class='ocr_line' id='line_1_3' title="bbox 381 1552 1470 1634; baseline 0 -17"><span class='ocrx_word' id='word_1_8' title='bbox 381 1554 413 1617; x_wconf 93' lang='lat'><strong>1.</strong></span> <span class='ocrx_word' id='word_1_9' title='bbox 437 1552 496 1618; x_wconf 93' lang='lat' dir='ltr'><strong>De</strong></span> <span class='ocrx_word' id='word_1_10' title='bbox 518 1552 996 1634; x_wconf 84' lang='lat' dir='ltr'><strong>accusationejudicis.</strong></span> <span class='ocrx_word' id='word_1_11' title='bbox 1033 1553 1068 1619; x_wconf 81' lang='lat' dir='ltr'><strong>Si</strong></span> <span class='ocrx_word' id='word_1_12' title='bbox 1103 1559 1213 1618; x_wconf 90' lang='lat' dir='ltr'><strong>autem</strong></span> <span class='ocrx_word' id='word_1_13' title='bbox 1244 1553 1327 1617; x_wconf 90' lang='lat' dir='ltr'><strong>hora</strong></span> <span class='ocrx_word' id='word_1_14' title='bbox 1357 1568 1470 1633; x_wconf 88' lang='lat' dir='ltr'><strong>proce·</strong></span> 
     </span>
     <span class='ocr_line' id='line_1_4' title="bbox 278 1656 1470 1741; baseline -0.002 -20"><span class='ocrx_word' id='word_1_15' title='bbox 278 1658 379 1722; x_wconf 90' lang='lat' dir='ltr'><strong>dente</strong></span> <span class='ocrx_word' id='word_1_16' title='bbox 394 1657 502 1721; x_wconf 84' lang='lat' dir='ltr'><strong>adhuc</strong></span> <span class='ocrx_word' id='word_1_17' title='bbox 517 1656 670 1739; x_wconf 74' lang='lat' dir='ltr'><strong>Judicare</strong></span> <span class='ocrx_word' id='word_1_18' title='bbox 694 1657 849 1741; x_wconf 83' lang='lat' dir='ltr'><strong>noluerit,</strong></span> <span class='ocrx_word' id='word_1_19' title='bbox 865 1676 885 1721; x_wconf 92' lang='lat' dir='ltr'><strong>a</strong></span> <span class='ocrx_word' id='word_1_20' title='bbox 901 1657 1020 1740; x_wconf 89' lang='lat' dir='ltr'><strong>juratis</strong></span> <span class='ocrx_word' id='word_1_21' title='bbox 1036 1664 1220 1740; x_wconf 86' lang='lat' dir='ltr'><strong>moneatur,</strong></span> <span class='ocrx_word' id='word_1_22' title='bbox 1240 1662 1277 1721; x_wconf 91' lang='lat' dir='ltr'><strong>ut</strong></span> <span class='ocrx_word' id='word_1_23' title='bbox 1289 1656 1421 1737; x_wconf 89' lang='lat' dir='ltr'><strong>judicet</strong></span> <span class='ocrx_word' id='word_1_24' title='bbox 1437 1661 1470 1720; x_wconf 87' lang='lat' dir='ltr'><strong>et</strong></span> 
     </span>
     <span class='ocr_line' id='line_1_5' title="bbox 278 1759 1471 1844; baseline -0.002 -19"><span class='ocrx_word' id='word_1_25' title='bbox 278 1759 466 1825; x_wconf 80' lang='lat' dir='ltr'><strong>satisfaciat</strong></span> <span class='ocrx_word' id='word_1_26' title='bbox 490 1762 779 1844; x_wconf 83' lang='lat' dir='ltr'>conquerentibus,</span> <span class='ocrx_word' id='word_1_27' title='bbox 802 1780 845 1826; x_wconf 91' lang='lat' dir='ltr'><strong>ne</strong></span> <span class='ocrx_word' id='word_1_28' title='bbox 867 1760 1014 1827; x_wconf 83' lang='lat' dir='ltr'><strong>facilitas</strong></span> <span class='ocrx_word' id='word_1_29' title='bbox 1036 1762 1153 1827; x_wconf 84' lang='lat' dir='ltr'><strong>veniae</strong></span> <span class='ocrx_word' id='word_1_30' title='bbox 1169 1767 1288 1842; x_wconf 89' lang='lat' dir='ltr'><strong>pareat</strong></span> <span class='ocrx_word' id='word_1_31' title='bbox 1304 1761 1471 1825; x_wconf 88' lang='lat' dir='ltr'><strong>intentum</strong></span> 
     </span>
     <span class='ocr_line' id='line_1_6' title="bbox 277 1863 1472 1948; baseline -0.003 -19"><span class='ocrx_word' id='word_1_32' title='bbox 277 1864 491 1943; x_wconf 80' lang='lat' dir='ltr'><strong>delinquenti.</strong></span> <span class='ocrx_word' id='word_1_33' title='bbox 522 1865 660 1930; x_wconf 90' lang='lat' dir='ltr'><strong>Iterum·</strong></span> <span class='ocrx_word' id='word_1_34' title='bbox 680 1866 784 1931; x_wconf 88' lang='lat' dir='ltr'><strong>tertia</strong></span> <span class='ocrx_word' id='word_1_35' title='bbox 815 1866 889 1930; x_wconf 90' lang='lat' dir='ltr'><strong>vice</strong></span> <span class='ocrx_word' id='word_1_36' title='bbox 920 1870 1094 1931; x_wconf 89' lang='lat' dir='ltr'><strong>moneatur</strong></span> <span class='ocrx_word' id='word_1_37' title='bbox 1113 1865 1216 1946; x_wconf 82' lang='lat' dir='ltr'><strong>judex</strong></span> <span class='ocrx_word' id='word_1_38' title='bbox 1238 1884 1258 1929; x_wconf 89' lang='lat' dir='ltr'><strong>a</strong></span> <span class='ocrx_word' id='word_1_39' title='bbox 1277 1864 1419 1948; x_wconf 83' lang='lat' dir='ltr'><strong>juratis3</strong></span> <span class='ocrx_word' id='word_1_40' title='bbox 1443 1863 1472 1927; x_wconf 89' lang='lat' dir='ltr'><strong>si</strong></span> 
     </span>
     <span class='ocr_line' id='line_1_7' title="bbox 277 1961 1471 2053; baseline -0.002 -19"><span class='ocrx_word' id='word_1_41' title='bbox 277 1975 357 2034; x_wconf 89' lang='lat' dir='ltr'><strong>tnnc</strong></span> <span class='ocrx_word' id='word_1_42' title='bbox 376 1969 528 2053; x_wconf 89' lang='lat' dir='ltr'><strong>judicare</strong></span> <span class='ocrx_word' id='word_1_43' title='bbox 551 1961 698 2033; x_wconf 84' lang='lat' dir='ltr'><strong>noluerit</strong></span> <span class='ocrx_word' id='word_1_44' title='bbox 720 1975 754 2033; x_wconf 91' lang='lat' dir='ltr'><strong>et</strong></span> <span class='ocrx_word' id='word_1_45' title='bbox 778 1987 880 2035; x_wconf 81' lang='lat' dir='ltr'><strong>causa</strong></span> <span class='ocrx_word' id='word_1_46' title='bbox 902 1971 944 2035; x_wconf 92' lang='lat' dir='ltr'><strong>ad</strong></span> <span class='ocrx_word' id='word_1_47' title='bbox 968 1971 1167 2051; x_wconf 87' lang='lat' dir='ltr'><strong>superiorem</strong></span> <span class='ocrx_word' id='word_1_48' title='bbox 1188 1968 1343 2050; x_wconf 86' lang='lat' dir='ltr'><strong>judicem,</strong></span> <span class='ocrx_word' id='word_1_49' title='bbox 1366 1973 1407 2033; x_wconf 90' lang='lat' dir='ltr'><strong>ut</strong></span> <span class='ocrx_word' id='word_1_50' title='bbox 1430 1968 1471 2032; x_wconf 92' lang='lat' dir='ltr'><strong>ad</strong></span> 
     </span>
     <span class='ocr_line' id='line_1_8' title="bbox 279 2072 1472 2158; baseline 0 -21"><span class='ocrx_word' id='word_1_51' title='bbox 279 2074 496 2138; x_wconf 89' lang='lat' dir='ltr'><strong>camerarium</strong></span> <span class='ocrx_word' id='word_1_52' title='bbox 521 2074 574 2137; x_wconf 87' lang='lat' dir='ltr'><strong>vel</strong></span> <span class='ocrx_word' id='word_1_53' title='bbox 597 2075 640 2139; x_wconf 91' lang='lat' dir='ltr'><strong>ad</strong></span> <span class='ocrx_word' id='word_1_54' title='bbox 663 2091 776 2156; x_wconf 88' lang='lat' dir='ltr'><strong>regem</strong></span> <span class='ocrx_word' id='word_1_55' title='bbox 800 2076 987 2157; x_wconf 72' lang='lat' dir='ltr'><strong>minuetur,</strong></span> <span class='ocrx_word' id='word_1_56' title='bbox 1011 2080 1046 2141; x_wconf 87' lang='lat' dir='ltr'><strong>et</strong></span> <span class='ocrx_word' id='word_1_57' title='bbox 1065 2076 1169 2158; x_wconf 87' lang='lat' dir='ltr'><strong>judex</strong></span> <span class='ocrx_word' id='word_1_58' title='bbox 1191 2092 1247 2155; x_wconf 86' lang='lat' dir='ltr'><strong>pro</strong></span> <span class='ocrx_word' id='word_1_59' title='bbox 1264 2072 1472 2157; x_wconf 79' lang='lat' dir='ltr'><strong>negligentia</strong></span> 
     </span>
     <span class='ocr_line' id='line_1_9' title="bbox 278 2176 1471 2262; baseline -0.003 -20"><span class='ocrx_word' id='word_1_60' title='bbox 278 2185 457 2243; x_wconf 89' lang='lat' dir='ltr'><strong>accusatus</strong></span> <span class='ocrx_word' id='word_1_61' title='bbox 494 2176 604 2258; x_wconf 77' lang='lat' dir='ltr'><strong>inerit,</strong></span> <span class='ocrx_word' id='word_1_62' title='bbox 642 2178 714 2243; x_wconf 89' lang='lat' dir='ltr'><strong>sive</strong></span> <span class='ocrx_word' id='word_1_63' title='bbox 747 2196 854 2259; x_wconf 88' lang='lat' dir='ltr'><strong>parva</strong></span> <span class='ocrx_word' id='word_1_64' title='bbox 889 2179 943 2245; x_wconf 86' lang='lat' dir='ltr'><strong>vel</strong></span> <span class='ocrx_word' id='word_1_65' title='bbox 975 2198 1096 2262; x_wconf 88' lang='lat' dir='ltr'><strong>magna</strong></span> <span class='ocrx_word' id='word_1_66' title='bbox 1130 2196 1233 2243; x_wconf 88' lang='lat' dir='ltr'><strong>causa</strong></span> <span class='ocrx_word' id='word_1_67' title='bbox 1266 2176 1375 2258; x_wconf 85' lang='lat' dir='ltr'><strong>fuerit,</strong></span> <span class='ocrx_word' id='word_1_68' title='bbox 1413 2194 1471 2257; x_wconf 83' lang='lat' dir='ltr'><strong>pro</strong></span> 
     </span>
     <span class='ocr_line' id='line_1_10' title="bbox 277 2282 524 2364; baseline -0.008 -14"><span class='ocrx_word' id='word_1_69' title='bbox 277 2303 334 2350; x_wconf 87' lang='lat' dir='ltr'><strong>reo</strong></span> <span class='ocrx_word' id='word_1_70' title='bbox 359 2282 524 2364; x_wconf 87' lang='lat' dir='ltr'><strong>punietur.</strong></span> 
     </span>
    </p>
   </div>
   <div class='ocr_carea' id='block_1_4' title="bbox 276 2440 1471 2940">
    <p class='ocr_par' dir='ltr' id='par_1_4' title="bbox 276 2440 1471 2940">
     <span class='ocr_line' id='line_1_11' title="bbox 381 2440 1471 2519; baseline -0.006 -12"><span class='ocrx_word' id='word_1_71' title='bbox 381 2442 413 2508; x_wconf 82' lang='lat'><strong>2.</strong></span> <span class='ocrx_word' id='word_1_72' title='bbox 432 2440 489 2506; x_wconf 91' lang='lat' dir='ltr'><strong>De</strong></span> <span class='ocrx_word' id='word_1_73' title='bbox 508 2440 795 2506; x_wconf 79' lang='lat' dir='ltr'><strong>accusatione</strong></span> <span class='ocrx_word' id='word_1_74' title='bbox 812 2441 853 2505; x_wconf 94' lang='lat' dir='ltr'><strong>in</strong></span> <span class='ocrx_word' id='word_1_75' title='bbox 868 2441 1142 2519; x_wconf 90' lang='lat' dir='ltr'><strong>maniloquio.</strong></span> <span class='ocrx_word' id='word_1_76' title='bbox 1159 2440 1471 2519; x_wconf 83' lang='lat' dir='ltr'><strong>Siquisaccusatus</strong></span> 
     </span>
     <span class='ocr_line' id='line_1_12' title="bbox 278 2542 1471 2629; baseline -0.001 -21"><span class='ocrx_word' id='word_1_77' title='bbox 278 2545 424 2611; x_wconf 81' lang='lat' dir='ltr'><strong>fueritin</strong></span> <span class='ocrx_word' id='word_1_78' title='bbox 434 2544 640 2624; x_wconf 86' lang='lat' dir='ltr'><strong>maniloqnio‚</strong></span> <span class='ocrx_word' id='word_1_79' title='bbox 646 2546 750 2629; x_wconf 86' lang='lat' dir='ltr'><strong>judex</strong></span> <span class='ocrx_word' id='word_1_80' title='bbox 760 2545 940 2629; x_wconf 88' lang='lat' dir='ltr'><strong>diligenter</strong></span> <span class='ocrx_word' id='word_1_81' title='bbox 951 2564 1085 2610; x_wconf 87' lang='lat' dir='ltr'><strong>causam</strong></span> <span class='ocrx_word' id='word_1_82' title='bbox 1096 2545 1297 2626; x_wconf 85' lang='lat' dir='ltr'><strong>experiatur,</strong></span> <span class='ocrx_word' id='word_1_83' title='bbox 1310 2543 1382 2609; x_wconf 89' lang='lat' dir='ltr'><strong>etsi</strong></span> <span class='ocrx_word' id='word_1_84' title='bbox 1390 2542 1471 2609; x_wconf 88' lang='lat' dir='ltr'><strong>talis</strong></span> 
     </span>
     <span class='ocr_line' id='line_1_13' title="bbox 277 2648 1471 2732; baseline -0.002 -19"><span class='ocrx_word' id='word_1_85' title='bbox 277 2650 398 2731; x_wconf 73' lang='lat' dir='ltr'><strong>fuerit·</strong></span> <span class='ocrx_word' id='word_1_86' title='bbox 412 2651 497 2729; x_wconf 83' lang='lat' dir='ltr'><strong>quod</strong></span> <span class='ocrx_word' id='word_1_87' title='bbox 520 2655 699 2713; x_wconf 88' lang='lat' dir='ltr'><strong>accusatus</strong></span> <span class='ocrx_word' id='word_1_88' title='bbox 723 2651 833 2731; x_wconf 85' lang='lat' dir='ltr'><strong>puniri</strong></span> <span class='ocrx_word' id='word_1_89' title='bbox 856 2650 1016 2716; x_wconf 86' lang='lat' dir='ltr'><strong>meruerit</strong></span> <span class='ocrx_word' id='word_1_90' title='bbox 1039 2651 1072 2715; x_wconf 93' lang='lat' dir='ltr'><strong>in</strong></span> <span class='ocrx_word' id='word_1_91' title='bbox 1090 2649 1272 2732; x_wconf 86' lang='lat' dir='ltr'><strong>pecuniam,</strong></span> <span class='ocrx_word' id='word_1_92' title='bbox 1288 2649 1336 2715; x_wconf 87' lang='lat' dir='ltr'><strong>sic</strong></span> <span class='ocrx_word' id='word_1_93' title='bbox 1352 2648 1471 2712; x_wconf 90' lang='lat' dir='ltr'><strong>intitu-</strong></span> 
     </span>
     <span class='ocr_line' id='line_1_14' title="bbox 276 2750 1471 2836; baseline -0.003 -17"><span class='ocrx_word' id='word_1_94' title='bbox 276 2756 373 2820; x_wconf 88' lang='lat' dir='ltr'><strong>letur.</strong></span> <span class='ocrx_word' id='word_1_95' title='bbox 390 2754 426 2820; x_wconf 86' lang='lat' dir='ltr'><strong>Si</strong></span> <span class='ocrx_word' id='word_1_96' title='bbox 438 2754 471 2818; x_wconf 91' lang='lat' dir='ltr'><strong>in</strong></span> <span class='ocrx_word' id='word_1_97' title='bbox 484 2772 582 2819; x_wconf 91' lang='lat' dir='ltr'><strong>manu</strong></span> <span class='ocrx_word' id='word_1_98' title='bbox 595 2753 706 2833; x_wconf 87' lang='lat' dir='ltr'><strong>puniri</strong></span> <span class='ocrx_word' id='word_1_99' title='bbox 717 2756 848 2836; x_wconf 88' lang='lat' dir='ltr'><strong>meruit,</strong></span> <span class='ocrx_word' id='word_1_100' title='bbox 865 2756 913 2821; x_wconf 88' lang='lat' dir='ltr'><strong>sic</strong></span> <span class='ocrx_word' id='word_1_101' title='bbox 928 2755 1139 2820; x_wconf 88' lang='lat' dir='ltr'><strong>inscribatur.</strong></span> <span class='ocrx_word' id='word_1_102' title='bbox 1157 2753 1191 2819; x_wconf 84' lang='lat' dir='ltr'><strong>Si</strong></span> <span class='ocrx_word' id='word_1_103' title='bbox 1209 2754 1243 2819; x_wconf 91' lang='lat' dir='ltr'><strong>in</strong></span> <span class='ocrx_word' id='word_1_104' title='bbox 1259 2753 1342 2819; x_wconf 92' lang='lat' dir='ltr'><strong>collo</strong></span> <span class='ocrx_word' id='word_1_105' title='bbox 1357 2750 1471 2833; x_wconf 88' lang='lat' dir='ltr'><strong>puniri</strong></span> 
     </span>
     <span class='ocr_line' id='line_1_15' title="bbox 277 2856 1470 2940; baseline -0.004 -17"><span class='ocrx_word' id='word_1_106' title='bbox 277 2858 405 2940; x_wconf 91' lang='lat' dir='ltr'><strong>meruit,</strong></span> <span class='ocrx_word' id='word_1_107' title='bbox 436 2859 484 2923; x_wconf 91' lang='lat' dir='ltr'><strong>sic</strong></span> <span class='ocrx_word' id='word_1_108' title='bbox 515 2858 719 2924; x_wconf 90' lang='lat' dir='ltr'><strong>inscribatur</strong></span> <span class='ocrx_word' id='word_1_109' title='bbox 746 2862 926 2924; x_wconf 89' lang='lat' dir='ltr'><strong>secundnm</strong></span> <span class='ocrx_word' id='word_1_110' title='bbox 956 2877 1114 2925; x_wconf 84' lang='lat' dir='ltr'><strong>excessus</strong></span> <span class='ocrx_word' id='word_1_111' title='bbox 1144 2858 1195 2923; x_wconf 89' lang='lat' dir='ltr'><strong>sui</strong></span> <span class='ocrx_word' id='word_1_112' title='bbox 1225 2856 1470 2923; x_wconf 84' lang='lat' dir='ltr'><strong>enormitatem.</strong></span> 
     </span>
    </p>
   </div>
   <div class='ocr_carea' id='block_1_5' title="bbox 758 3031 991 3096">
    <p class='ocr_par' dir='ltr' id='par_1_5' title="bbox 758 3031 991 3096">
     <span class='ocr_line' id='line_1_16' title="bbox 758 3031 991 3096; baseline 0 -1"><span class='ocrx_word' id='word_1_113' title='bbox 758 3031 835 3095; x_wconf 83' lang='lat' dir='ltr'><strong>Posi</strong></span> <span class='ocrx_word' id='word_1_114' title='bbox 858 3037 917 3096; x_wconf 82' lang='lat' dir='ltr'><strong>ort.</strong></span> <span class='ocrx_word' id='word_1_115' title='bbox 940 3034 991 3096; x_wconf 85' lang='lat'><strong>55.</strong></span> 
     </span>
    </p>
   </div>
   <div class='ocr_carea' id='block_1_6' title="bbox 276 3170 1470 4296">
    <p class='ocr_par' dir='ltr' id='par_1_6' title="bbox 276 3170 1470 4296">
     <span class='ocr_line' id='line_1_17' title="bbox 380 3170 1469 3253; baseline -0.007 -16"><span class='ocrx_word' id='word_1_116' title='bbox 380 3170 1469 3253; x_wconf 79' lang='lat' dir='ltr'><strong>3.Quodhomocommunisnullumaccnsarepotest.</strong></span> 
     </span>
     <span class='ocr_line' id='line_1_18' title="bbox 276 3271 1470 3356; baseline -0.005 -15"><span class='ocrx_word' id='word_1_117' title='bbox 276 3276 394 3341; x_wconf 90' lang='lat' dir='ltr'><strong>Nullus</strong></span> <span class='ocrx_word' id='word_1_118' title='bbox 407 3276 500 3340; x_wconf 92' lang='lat' dir='ltr'><strong>homo</strong></span> <span class='ocrx_word' id='word_1_119' title='bbox 513 3276 691 3339; x_wconf 90' lang='lat' dir='ltr'><strong>communis</strong></span> <span class='ocrx_word' id='word_1_120' title='bbox 706 3276 850 3354; x_wconf 88' lang='lat' dir='ltr'><strong>aliquem</strong></span> <span class='ocrx_word' id='word_1_121' title='bbox 862 3293 1022 3341; x_wconf 85' lang='lat' dir='ltr'><strong>accusare</strong></span> <span class='ocrx_word' id='word_1_122' title='bbox 1037 3281 1149 3356; x_wconf 85' lang='lat' dir='ltr'><strong>potest</strong></span> <span class='ocrx_word' id='word_1_123' title='bbox 1161 3274 1224 3339; x_wconf 90' lang='lat' dir='ltr'><strong>nisi</strong></span> <span class='ocrx_word' id='word_1_124' title='bbox 1238 3280 1318 3341; x_wconf 89' lang='lat' dir='ltr'><strong>tunc</strong></span> <span class='ocrx_word' id='word_1_125' title='bbox 1330 3292 1350 3338; x_wconf 91' lang='lat' dir='ltr'><strong>a</strong></span> <span class='ocrx_word' id='word_1_126' title='bbox 1356 3271 1470 3356; x_wconf 86' lang='lat' dir='ltr'><strong>judice</strong></span> 
     </span>
     <span class='ocr_line' id='line_1_19' title="bbox 278 3374 1469 3463; baseline -0.007 -17"><span class='ocrx_word' id='word_1_127' title='bbox 278 3387 312 3447; x_wconf 90' lang='lat' dir='ltr'><strong>et</strong></span> <span class='ocrx_word' id='word_1_128' title='bbox 327 3382 446 3463; x_wconf 79' lang='lat' dir='ltr'><strong>iuratis</strong></span> <span class='ocrx_word' id='word_1_129' title='bbox 464 3378 632 3462; x_wconf 82' lang='lat' dir='ltr'><strong>eligantur</strong></span> <span class='ocrx_word' id='word_1_130' title='bbox 649 3381 712 3444; x_wconf 89' lang='lat' dir='ltr'><strong>duo</strong></span> <span class='ocrx_word' id='word_1_131' title='bbox 729 3381 870 3444; x_wconf 87' lang='lat' dir='ltr'><strong>veltres</strong></span> <span class='ocrx_word' id='word_1_132' title='bbox 889 3380 941 3444; x_wconf 89' lang='lat' dir='ltr'><strong>vel</strong></span> <span class='ocrx_word' id='word_1_133' title='bbox 957 3386 1102 3458; x_wconf 88' lang='lat' dir='ltr'><strong>quatuor</strong></span> <span class='ocrx_word' id='word_1_134' title='bbox 1117 3381 1152 3444; x_wconf 94' lang='lat' dir='ltr'><strong>in</strong></span> <span class='ocrx_word' id='word_1_135' title='bbox 1168 3380 1277 3457; x_wconf 83' lang='lat' dir='ltr'><strong>aliquo</strong></span> <span class='ocrx_word' id='word_1_136' title='bbox 1302 3376 1373 3441; x_wconf 88' lang='lat' dir='ltr'><strong>vico</strong></span> <span class='ocrx_word' id='word_1_137' title='bbox 1391 3374 1469 3441; x_wconf 83' lang='lat' dir='ltr'><strong>civi·</strong></span> 
     </span>
     <span class='ocr_line' id='line_1_20' title="bbox 276 3479 1470 3569; baseline -0.006 -19"><span class='ocrx_word' id='word_1_138' title='bbox 276 3486 367 3562; x_wconf 88' lang='lat' dir='ltr'><strong>tatis,</strong></span> <span class='ocrx_word' id='word_1_139' title='bbox 387 3503 535 3569; x_wconf 51' lang='lat' dir='ltr'><strong>¹quorum</strong></span> <span class='ocrx_word' id='word_1_140' title='bbox 558 3483 636 3547; x_wconf 89' lang='lat' dir='ltr'><strong>fidei</strong></span> <span class='ocrx_word' id='word_1_141' title='bbox 659 3484 893 3563; x_wconf 83' lang='lat' dir='ltr'><strong>committatur,</strong></span> <span class='ocrx_word' id='word_1_142' title='bbox 917 3492 954 3549; x_wconf 91' lang='lat' dir='ltr'><strong>ut</strong></span> <span class='ocrx_word' id='word_1_143' title='bbox 975 3484 1147 3564; x_wconf 69' lang='lat' dir='ltr'><strong>&#39;quaelibet</strong></span> <span class='ocrx_word' id='word_1_144' title='bbox 1178 3481 1327 3548; x_wconf 86' lang='lat' dir='ltr'><strong>civitatis</strong></span> <span class='ocrx_word' id='word_1_145' title='bbox 1350 3479 1470 3545; x_wconf 86' lang='lat' dir='ltr'><strong>nociva</strong></span> 
     </span>
     <span class='ocr_line' id='line_1_21' title="bbox 277 3586 1468 3669; baseline -0.008 -13"><span class='ocrx_word' id='word_1_146' title='bbox 277 3595 497 3669; x_wconf 89' lang='lat' dir='ltr'><strong>compescant.</strong></span> <span class='ocrx_word' id='word_1_147' title='bbox 513 3589 567 3653; x_wconf 91' lang='lat' dir='ltr'><strong>Illi</strong></span> <span class='ocrx_word' id='word_1_148' title='bbox 583 3588 749 3667; x_wconf 90' lang='lat' dir='ltr'><strong>quoslibet</strong></span> <span class='ocrx_word' id='word_1_149' title='bbox 765 3606 922 3653; x_wconf 85' lang='lat' dir='ltr'><strong>excessus</strong></span> <span class='ocrx_word' id='word_1_150' title='bbox 939 3608 1100 3654; x_wconf 89' lang='lat' dir='ltr'><strong>accusare</strong></span> <span class='ocrx_word' id='word_1_151' title='bbox 1117 3593 1264 3668; x_wconf 82' lang='lat' dir='ltr'><strong>possunt,</strong></span> <span class='ocrx_word' id='word_1_152' title='bbox 1280 3586 1340 3651; x_wconf 87' lang='lat' dir='ltr'><strong>sed</strong></span> <span class='ocrx_word' id='word_1_153' title='bbox 1356 3601 1468 3649; x_wconf 89' lang='lat' dir='ltr'><strong>eorum</strong></span> 
     </span>
     <span class='ocr_line' id='line_1_22' title="bbox 276 3688 1468 3776; baseline -0.006 -17"><span class='ocrx_word' id='word_1_154' title='bbox 276 3699 427 3774; x_wconf 85' lang='lat' dir='ltr'><strong>potestas</strong></span> <span class='ocrx_word' id='word_1_155' title='bbox 459 3694 639 3759; x_wconf 89' lang='lat' dir='ltr'><strong>accusandi</strong></span> <span class='ocrx_word' id='word_1_156' title='bbox 670 3690 733 3776; x_wconf 87' lang='lat' dir='ltr'><strong>nisi</strong></span> <span class='ocrx_word' id='word_1_157' title='bbox 766 3710 826 3756; x_wconf 85' lang='lat' dir='ltr'><strong>sex</strong></span> <span class='ocrx_word' id='word_1_158' title='bbox 849 3693 983 3757; x_wconf 87' lang='lat' dir='ltr'><strong>durabit</strong></span> <span class='ocrx_word' id='word_1_159' title='bbox 1006 3695 1217 3775; x_wconf 71' lang='lat' dir='ltr'><strong>ebdomadas</strong></span> <span class='ocrx_word' id='word_1_160' title='bbox 1240 3696 1275 3756; x_wconf 88' lang='lat' dir='ltr'><strong>et</strong></span> <span class='ocrx_word' id='word_1_161' title='bbox 1296 3691 1359 3754; x_wconf 90' lang='lat' dir='ltr'><strong>hoc</strong></span> <span class='ocrx_word' id='word_1_162' title='bbox 1382 3688 1468 3767; x_wconf 88' lang='lat' dir='ltr'><strong>ideo,</strong></span> 
     </span>
     <span class='ocr_line' id='line_1_23' title="bbox 277 3791 1467 3877; baseline -0.008 -14"><span class='ocrx_word' id='word_1_163' title='bbox 277 3817 318 3863; x_wconf 90' lang='lat' dir='ltr'><strong>ne</strong></span> <span class='ocrx_word' id='word_1_164' title='bbox 334 3799 406 3863; x_wconf 88' lang='lat' dir='ltr'><strong>loco</strong></span> <span class='ocrx_word' id='word_1_165' title='bbox 419 3798 605 3877; x_wconf 89' lang='lat' dir='ltr'><strong>juratorum</strong></span> <span class='ocrx_word' id='word_1_166' title='bbox 621 3797 707 3861; x_wconf 88' lang='lat' dir='ltr'><strong>tales</strong></span> <span class='ocrx_word' id='word_1_167' title='bbox 724 3798 919 3862; x_wconf 85' lang='lat' dir='ltr'><strong>habeantur.</strong></span> <span class='ocrx_word' id='word_1_168' title='bbox 943 3796 1009 3862; x_wconf 82' lang='lat' dir='ltr'><strong>Sex</strong></span> <span class='ocrx_word' id='word_1_169' title='bbox 1030 3803 1140 3863; x_wconf 90' lang='lat' dir='ltr'><strong>autem</strong></span> <span class='ocrx_word' id='word_1_170' title='bbox 1158 3792 1348 3861; x_wconf 83' lang='lat' dir='ltr'><strong>ebdomadis</strong></span> <span class='ocrx_word' id='word_1_171' title='bbox 1365 3791 1467 3857; x_wconf 89' lang='lat' dir='ltr'><strong>finitis</strong></span> 
     </span>
     <span class='ocr_line' id='line_1_24' title="bbox 276 3898 1467 3987; baseline -0.006 -19"><span class='ocrx_word' id='word_1_172' title='bbox 276 3906 363 3968; x_wconf 88' lang='lat' dir='ltr'><strong>tales</strong></span> <span class='ocrx_word' id='word_1_173' title='bbox 383 3902 489 3987; x_wconf 89' lang='lat' dir='ltr'><strong>judici</strong></span> <span class='ocrx_word' id='word_1_174' title='bbox 512 3908 547 3966; x_wconf 90' lang='lat' dir='ltr'><strong>et</strong></span> <span class='ocrx_word' id='word_1_175' title='bbox 565 3901 689 3983; x_wconf 86' lang='lat' dir='ltr'><strong>juratis</strong></span> <span class='ocrx_word' id='word_1_176' title='bbox 720 3918 813 3966; x_wconf 89' lang='lat' dir='ltr'><strong>snum</strong></span> <span class='ocrx_word' id='word_1_177' title='bbox 845 3900 1018 3983; x_wconf 87' lang='lat' dir='ltr'><strong>resignent</strong></span> <span class='ocrx_word' id='word_1_178' title='bbox 1052 3898 1194 3965; x_wconf 89' lang='lat' dir='ltr'><strong>officium</strong></span> <span class='ocrx_word' id='word_1_179' title='bbox 1221 3905 1256 3964; x_wconf 89' lang='lat' dir='ltr'><strong>et</strong></span> <span class='ocrx_word' id='word_1_180' title='bbox 1280 3898 1308 3962; x_wconf 89' lang='lat' dir='ltr'><strong>si</strong></span> <span class='ocrx_word' id='word_1_181' title='bbox 1331 3912 1467 3963; x_wconf 87' lang='lat' dir='ltr'><strong>necesse</strong></span> 
     </span>
     <span class='ocr_line' id='line_1_25' title="bbox 276 4000 1466 4086; baseline -0.007 -14"><span class='ocrx_word' id='word_1_182' title='bbox 276 4008 387 4084; x_wconf 83' lang='lat' dir='ltr'><strong>fuerit,</strong></span> <span class='ocrx_word' id='word_1_183' title='bbox 410 4007 468 4072; x_wconf 91' lang='lat' dir='ltr'><strong>alii</strong></span> <span class='ocrx_word' id='word_1_184' title='bbox 493 4007 689 4071; x_wconf 81' lang='lat' dir='ltr'><strong>volitorum</strong></span> <span class='ocrx_word' id='word_1_185' title='bbox 711 4005 761 4070; x_wconf 92' lang='lat' dir='ltr'><strong>illi</strong></span> <span class='ocrx_word' id='word_1_186' title='bbox 785 4006 926 4086; x_wconf 85' lang='lat' dir='ltr'><strong>pristino</strong></span> <span class='ocrx_word' id='word_1_187' title='bbox 958 4003 1065 4071; x_wconf 80' lang='lat' dir='ltr'><strong>officio</strong></span> <span class='ocrx_word' id='word_1_188' title='bbox 1096 4004 1338 4071; x_wconf 85' lang='lat' dir='ltr'><strong>instaurentur.</strong></span> <span class='ocrx_word' id='word_1_189' title='bbox 1370 4000 1466 4067; x_wconf 82' lang='lat' dir='ltr'><strong>Etsi</strong></span> 
     </span>
     <span class='ocr_line' id='line_1_26' title="bbox 276 4108 1466 4192; baseline -0.008 -14"><span class='ocrx_word' id='word_1_190' title='bbox 276 4115 310 4178; x_wconf 90' lang='lat' dir='ltr'><strong>in</strong></span> <span class='ocrx_word' id='word_1_191' title='bbox 334 4111 441 4178; x_wconf 85' lang='lat' dir='ltr'><strong>officio</strong></span> <span class='ocrx_word' id='word_1_192' title='bbox 465 4128 523 4175; x_wconf 90' lang='lat' dir='ltr'><strong>suo</strong></span> <span class='ocrx_word' id='word_1_193' title='bbox 547 4112 590 4175; x_wconf 90' lang='lat' dir='ltr'><strong>ab</strong></span> <span class='ocrx_word' id='word_1_194' title='bbox 612 4109 723 4188; x_wconf 87' lang='lat' dir='ltr'><strong>aliquo</strong></span> <span class='ocrx_word' id='word_1_195' title='bbox 746 4109 942 4175; x_wconf 88' lang='lat' dir='ltr'><strong>indecenter</strong></span> <span class='ocrx_word' id='word_1_196' title='bbox 965 4108 1140 4192; x_wconf 88' lang='lat' dir='ltr'><strong>redarguti</strong></span> <span class='ocrx_word' id='word_1_197' title='bbox 1162 4108 1296 4187; x_wconf 85' lang='lat' dir='ltr'><strong>fuerint,</strong></span> <span class='ocrx_word' id='word_1_198' title='bbox 1325 4108 1466 4185; x_wconf 87' lang='lat' dir='ltr'><strong>qualem·</strong></span> 
     </span>
     <span class='ocr_line' id='line_1_27' title="bbox 277 4211 1466 4296; baseline -0.008 -13"><span class='ocrx_word' id='word_1_199' title='bbox 277 4234 414 4296; x_wconf 90' lang='lat' dir='ltr'><strong>cumque</strong></span> <span class='ocrx_word' id='word_1_200' title='bbox 449 4232 586 4296; x_wconf 90' lang='lat' dir='ltr'><strong>poenam</strong></span> <span class='ocrx_word' id='word_1_201' title='bbox 621 4213 702 4279; x_wconf 90' lang='lat' dir='ltr'><strong>dicti</strong></span> <span class='ocrx_word' id='word_1_202' title='bbox 737 4214 837 4279; x_wconf 89' lang='lat' dir='ltr'><strong>electi</strong></span> <span class='ocrx_word' id='word_1_203' title='bbox 872 4214 1063 4296; x_wconf 84' lang='lat' dir='ltr'><strong>statuerint,</strong></span> <span class='ocrx_word' id='word_1_204' title='bbox 1098 4214 1184 4279; x_wconf 91' lang='lat' dir='ltr'><strong>hanc</strong></span> <span class='ocrx_word' id='word_1_205' title='bbox 1218 4214 1259 4277; x_wconf 90' lang='lat' dir='ltr'><strong>ab</strong></span> <span class='ocrx_word' id='word_1_206' title='bbox 1292 4211 1341 4277; x_wconf 86' lang='lat' dir='ltr'><strong>eis</strong></span> <span class='ocrx_word' id='word_1_207' title='bbox 1374 4226 1466 4275; x_wconf 90' lang='lat' dir='ltr'><strong>accu-</strong></span> 
     </span>
    </p>
   </div>
   <div class='ocr_carea' id='block_1_7' title="bbox 277 4320 552 4401">
    <p class='ocr_par' dir='ltr' id='par_1_7' title="bbox 277 4320 552 4401">
     <span class='ocr_line' id='line_1_28' title="bbox 277 4320 552 4401; baseline -0.011 -15"><span class='ocrx_word' id='word_1_208' title='bbox 277 4329 370 4386; x_wconf 86' lang='lat' dir='ltr'><strong>satus</strong></span> <span class='ocrx_word' id='word_1_209' title='bbox 395 4320 552 4401; x_wconf 84' lang='lat' dir='ltr'><strong>patiatur.</strong></span> 
     </span>
    </p>
   </div>
   <div class='ocr_carea' id='block_1_8' title="bbox 0 0 1642 5009">
    <p class='ocr_par' dir='ltr' id='par_1_8' title="bbox 0 0 1642 5009">
     <span class='ocr_line' id='line_1_29' title="bbox 0 0 1642 5009; baseline 0 1"><span class='ocrx_word' id='word_1_210' title='bbox 0 0 1642 5009; x_wconf 95' lang='lat' dir='ltr'><strong> </strong></span> 
     </span>
    </p>
   </div>
  </div>
 </body>
</html>
