3275 5009
670 355 838 410 Brnnenses.
1308 358 1360 412 141

197 587 200 594 ·
256 563 355 647 Item,
379 583 450 632 cum
473 565 509 632 in
532 563 555 631 J
557 556 671 632 nribus
694 563 865 631 scribatur
884 566 926 631 de
943 565 1111 633 homicida
1127 566 1181 633 vel
1199 566 1359 633 invasore

150 671 289 736 domus:
330 668 387 752 „si
419 668 695 752 expurgationem
728 668 854 736 habere
892 669 1103 750 nequiverit“
1144 669 1197 755 (ut
1231 668 1361 755 supra),

151 773 260 840 multo
285 773 396 856 potius
418 773 477 857 illi,
500 772 558 854 qui
579 775 623 840 ad
646 773 922 856 expurgationem
937 773 993 840 vel
1007 773 1233 841 innocentiam
1249 780 1360 842 osten·

152 879 303 945 dendum
335 895 372 952 se
402 878 539 961 obligat,
570 881 624 944 est
655 876 766 960 gratia
800 895 866 942 non
900 879 1062 960 neganda.
1095 879 1215 945 Potest
1247 885 1360 947 tamen

151 987 263 1060 actor,
288 984 318 1048 si
341 1000 433 1050 reum
454 981 489 1049 in
514 981 657 1066 gratiam
688 980 841 1062 recipere
871 986 1017 1068 recusat,
1047 987 1173 1066 petere,
1205 986 1292 1063 quod
1323 1002 1361 1050 se

151 1091 293 1174 purget,
317 1087 373 1154 vel
396 1085 461 1153 alio
484 1088 590 1170 modo,
612 1086 702 1154 sicut
719 1086 849 1169 justum
871 1085 983 1172 fuerit,
1005 1089 1161 1153 mnndum
1183 1087 1296 1166 faciat,
1324 1093 1361 1156 et

152 1195 247 1260 hanc
272 1191 470 1274 petitionem
489 1192 594 1275 judex
616 1189 782 1256 admittet.
813 1187 850 1255 Si
879 1194 993 1257 antem
1016 1194 1057 1256 ea
1078 1191 1185 1258 tacita
1209 1211 1302 1258 reum
1324 1191 1363 1258 in

152 1297 305 1382 gratiam
336 1294 486 1378 suscipit,
520 1296 690 1378 cogendus
722 1297 784 1377 cst,
815 1295 903 1373 quod
932 1294 1077 1377 gratiam
1108 1296 1170 1362 sibi
1203 1296 1364 1363 exhibeat

150 1419 230 1483 ipso
250 1417 340 1483 Jnre.

334 1589 582 1671 capitulum
604 1587 740 1655 XXX1:
772 1589 833 1655 De
855 1588 1194 1657 hereditatibus.

265 1729 339 1793 322.
350 1725 433 1815 (Pr.)
444 1726 496 1792 Dc
505 1726 741 1792 hereditatibus
752 1728 787 1789 io
794 1747 917 1811 parcre.
931 1726 969 1795 Si
979 1745 1152 1810 possessor
1160 1710 1366 1796 hereditatis

152 1836 269 1918 ipsam
290 1851 376 1899 anno
401 1838 437 1899 et
460 1832 514 1899 die
534 1832 684 1898 tenuerit
700 1837 735 1899 et
750 1833 857 1900 iibere
872 1834 915 1898 ab
932 1831 1140 1915 impetitione
1157 1833 1362 1916 possederit:

149 1937 327 2022 impetitio
344 1943 464 2019 postca
480 1955 540 2018 per
556 1954 786 2019 quemcunque
801 1934 895 2003 facta
910 1954 1008 2003 cassa
1023 1942 1077 2003 est
1092 1941 1128 2002 et
1143 1956 1240 2004 vana.
1266 1936 1363 2004 Infra

152 2049 276 2126 autem
290 2039 415 2105 dictum
428 2058 550 2106 anuum
562 2040 582 2104 i.
595 2058 622 2106 e.
635 2045 775 2123 tempus,
787 2042 875 2121 qnod
888 2042 1038 2108 continet
1053 2041 1364 2125 praescriptionem,

150 2164 245 2228 quae
282 2145 317 2210 in
347 2145 423 2229 jure
455 2143 549 2211 civili
579 2147 633 2210 est
665 2161 779 2211 annua
810 2148 847 2210 et
878 2143 1007 2227 diurna,
1039 2148 1175 2211 tenetur
1205 2144 1362 2212 venditor

150 2248 303 2332 emptori
337 2249 560 2315 hereditatem
594 2247 800 2332 resignatam
835 2249 878 2314 ab
913 2247 1065 2323 omnihus
1095 2248 1366 2330 impetitionibus

151 2353 359 2436 disbrigare.
382 2351 553 2435 Impetens
577 2352 688 2436 etiam,
711 2352 741 2418 si
764 2356 841 2434 post
863 2351 1106 2434 impetitionem
1128 2352 1253 2419 factam
1274 2371 1364 2420 anno

154 2464 193 2525 et
220 2456 277 2522 die
301 2455 456 2522 continue
479 2454 657 2538 quieverit,
681 2473 744 2521 nec
766 2473 902 2523 causam
924 2454 1144 2538 impetitionis
1155 2456 1364 2540 judicialiter

152 2559 368 2630 tractaverit
380 2559 510 2626 ratione
522 2558 800 2642 praescriptionis
815 2558 981 2643 intuente,
997 2558 1188 2641 privabitur
1199 2559 1275 2643 jure
1291 2579 1364 2628 sno.

266 2713 387 2800 322.b),
404 2715 478 2780 323.
495 2714 546 2777 Dc
562 2713 764 2799 hereditaria
782 2715 1009 2798 resiqcatione.
1026 2715 1225 2798 Resignatio
1238 2718 1364 2783 dicitur

155 2825 202 2889 ab
229 2823 310 2886 actu
331 2817 471 2902 jndicis;
494 2821 581 2885 unde
605 2818 640 2884 in
663 2817 890 2915 testimoninm
916 2818 1157 2902 resignationis
1180 2822 1362 2887 secundum

155 2923 438 2993 consuetudinem
456 2922 584 3005 jndicii,
606 2922 641 2990 in
664 2941 727 3003 quo
746 2924 786 2989 fit
800 2922 995 3008 resignatio,
1007 2923 1113 3009 judici
1125 2927 1181 3009 jus
1197 2930 1251 2991 est
1266 2943 1364 2992 sunm

155 3028 366 3096 solvendum.
389 3026 484 3109 Item,
506 3024 679 3092 hereditas
703 3026 845 3108 primum
868 3044 930 3108 per
951 3027 1159 3094 venditorem
1187 3029 1221 3095 in
1244 3045 1363 3096 manus

156 3131 283 3216 iudicis
307 3136 359 3195 est
382 3131 596 3213 assignanda,
621 3131 774 3210 unicam
799 3129 942 3198 ulterius
967 3133 1109 3212 emptori
1131 3132 1292 3216 resignet.

268 3233 363 3319 Item,
386 3235 443 3317 qui
464 3236 687 3301 hereditatem
711 3244 745 3300 et
763 3233 945 3317 praecipue
970 3238 1068 3302 extra
1083 3254 1193 3302 muros
1211 3236 1366 3304 civitatis

157 3341 272 3420 sitam,
284 3339 385 3406 alteri
397 3357 506 3405 coram
517 3338 643 3424 judicio
659 3338 822 3422 resignat,
839 3341 940 3405 debet
955 3357 1040 3423 eum,
1053 3339 1082 3405 si
1098 3340 1192 3423 petit,
1205 3341 1364 3409 cantione

158 3442 373 3524 fidejussoria
396 3443 438 3508 de
461 3441 523 3508 hoo
548 3460 701 3508 securum
724 3440 847 3524 facere,
870 3444 958 3522 quod
980 3446 1130 3524 tempore
1146 3443 1361 3528 praescripti·

159 3547 236 3614 onis
261 3550 418 3612 currente
441 3548 483 3612 ab
506 3544 769 3628 impetitionibus
789 3546 875 3629 juris
898 3545 1006 3628 ipsam
1021 3546 1087 3614 sihi
1102 3547 1284 3633 disbriget;
1301 3551 1366 3616 sed

159 3669 228 3718 non
252 3655 394 3731 oportet,
418 3650 505 3728 quod
527 3668 548 3715 a
571 3668 669 3720 manu
692 3648 842 3716 violenta
872 3669 933 3716 sen
964 3653 1101 3732 potente
1132 3653 1269 3717 eandem
1297 3651 1365 3718 sibi

161 3759 321 3836 protegat
344 3758 379 3819 et
403 3751 573 3820 defendat.

268 3892 340 3957 324.
374 3894 425 3955 De
455 3892 647 3956 hereditatis
678 3893 907 3978 resignatione,
941 3915 1021 3978 qnae
1046 3894 1090 3976 fit
1118 3916 1179 3977 per
1208 3894 1361 3960 ebriosos.

160 3998 255 4065 Dicit
277 3997 395 4080 regula
418 3996 523 4082 legis:
547 3995 690 4080 ,Ebrius
714 3996 744 4064 si
766 3997 876 4065 noctis
900 4002 1051 4081 tempore
1067 4017 1176 4064 coram
1193 3998 1367 4079 aliquibus

156 4101 281 4184 iuratis
318 4102 544 4168 hereditatem
582 4118 676 4166 snam
714 4101 814 4169 alteri
852 4101 1013 4187 resignat,
1055 4102 1134 4169 talis
1177 4103 1362 4188 resignatio

162 4210 333 4286 tamqnam
355 4202 512 4274 inefficax
535 4206 578 4271 de
595 4204 673 4287 jnre
696 4223 762 4272 non
785 4205 966 4287 p1·ocedit.“
992 4205 1045 4278 Ex
1066 4207 1128 4272 hoc
1148 4205 1257 4290 etiam,
1273 4208 1362 4287 quod

165 4315 263 4376 actus
293 4308 475 4394 judiciarii,
508 4308 687 4392 praecipue
721 4313 834 4376 tamen
866 4310 901 4376 in
935 4310 1046 4376 causis
1080 4309 1234 4378 civilibus
1265 4309 1367 4396 (puta
