3275 5009
42 3 114 113 μ..
143 1 353 56 ww.
384 25 390 33 .
472 3 475 10 .

161 67 166 74 1
189 69 195 76 ,
216 43 240 72 ιἱ

665 349 835 404 Brunenses.
1299 353 1352 405 193

246 559 324 625 474.
351 557 466 636 Utrum
491 560 711 623 aestimantem
726 561 842 640 jurati
863 561 1012 622 accusati
1032 569 1107 624 duic
1119 563 1350 646 puryoiiouem

134 663 183 726 ait
207 663 448 747 accipiendum.
478 664 587 730 Actor
609 663 680 748 egit
703 664 737 731 in
762 665 845 730 duos
861 682 946 748 reos,
962 682 1101 744 quorum
1117 683 1203 731 unus
1214 667 1351 750 juratus

138 771 174 832 et
199 766 296 833 alter
317 785 383 833 non
403 769 539 852 juratus
563 787 622 851 pro
645 767 702 834 illo
726 766 791 834 fuit
814 772 974 852 tempore,
997 772 1033 834 et
1048 786 1123 835 cum
1136 770 1350 853 non-jnratus

137 888 220 937 reus
246 871 476 938 innocentiam
502 889 594 937 suam
619 873 861 953 praetenderet
883 875 918 937 et
940 871 1027 938 illam
1049 891 1110 954 per
1122 875 1279 958 juratum,
1293 874 1351 955 qui

138 992 207 1040 una
231 992 308 1042 oum
332 995 371 1042 eo
394 992 455 1057 per
478 981 625 1042 actorem
649 976 870 1043 criminaliter
893 980 928 1042 et
951 976 1086 1044 divisim
1117 980 1350 1062 accusabatur,

136 1082 324 1146 ostendere
355 1081 533 1164 niteretur,
563 1081 753 1161 quaesitum
784 1086 847 1165 est,
877 1086 989 1148 utrum
1019 1082 1093 1166 ejus
1124 1081 1350 1150 testimonium

138 1183 186 1248 sit
202 1182 479 1251 admittendum?
502 1183 642 1267 Super
658 1203 739 1266 quo
756 1203 1012 1268 responsum
1034 1190 1120 1252 est:
1136 1185 1232 1269 Quod
1244 1186 1351 1271 jurati

136 1287 187 1353 rei
210 1307 277 1368 pro
301 1305 338 1354 se
362 1288 435 1369 ipso
461 1289 554 1371 prius
579 1293 632 1356 est
654 1289 833 1372 responsio
857 1289 1033 1373 audienda,
1053 1294 1089 1356 et
1104 1290 1135 1356 si
1150 1291 1191 1357 de
1207 1290 1350 1374 objectis

137 1408 174 1456 se
199 1393 448 1476 expurgaverit
470 1391 576 1459 forma
594 1392 680 1475 juris
711 1411 773 1478 per
803 1399 912 1462 testes
943 1395 998 1462 vel
1027 1394 1093 1462 alio
1124 1396 1229 1478 modo,
1261 1394 1351 1462 sicut

136 1497 271 1587 actoris
295 1497 503 1578 querimonia
525 1497 720 1582 postulabit
751 1504 832 1565 tunc
862 1501 999 1566 tandem
1028 1518 1089 1582 pro
1122 1501 1269 1567 secundo
1292 1516 1349 1565 reo

135 1617 204 1666 non
223 1599 343 1683 jurato
366 1601 592 1668 testimonium
616 1601 729 1669 iacere
754 1607 877 1684 potest.
900 1601 1005 1670 Secus
1027 1609 1139 1670 autem
1162 1608 1225 1688 est,
1257 1603 1286 1669 si
1310 1621 1349 1669 se

135 1703 249 1783 ipsum
275 1723 342 1772 non
360 1706 582 1771 mundaverit.
599 1706 763 1773 Similiter
778 1725 876 1773 secus
891 1711 993 1790 esset,
1008 1707 1038 1772 si
1054 1713 1151 1773 actor
1167 1706 1351 1790 indivisim,

137 1808 321 1876 dummodo
352 1809 424 1875 sine
455 1808 530 1876 dolo
559 1809 644 1877 malo
674 1810 736 1876 hoc
772 1809 920 1893 iecisset,
953 1811 988 1876 in
1022 1814 1136 1877 ambos
1171 1829 1248 1878 reos
1282 1829 1349 1877 una

137 1911 288 1994 simplici
312 1912 520 1992 querimonia
545 1913 681 2000 egisset.

245 2035 323 2101 475.
346 2032 613 2119 Quandocumque
636 2056 788 2099 uumerus
814 2035 921 2097 minor
934 2039 1128 2120 juratorum
1146 2055 1213 2119 pro
1240 2035 1348 2097 causis

138 2136 331 2202 decidendis
354 2137 488 2222 sufficit.
513 2137 550 2206 si
570 2157 648 2220 pars
662 2124 1118 2224 juratorum'vel'consulum,
1135 2137 1212 2205 aliis
1228 2140 1347 2206 abson-

138 2241 244 2328 tibus,
276 2241 408 2310 vocatis
439 2247 551 2311 tamen
575 2247 609 2310 et
632 2243 747 2311 venire
779 2242 969 2311 nolentibus
1000 2242 1054 2313 vel
1081 2262 1124 2310 ex
1146 2242 1258 2310 causis
1281 2259 1348 2308 uon

140 2348 351 2430 potentibus,
374 2347 551 2428 quicquam
571 2347 741 2432 smtuerit,
757 2346 966 2415 ordinaverit
979 2347 1035 2416 vel
1049 2346 1179 2430 fecerit,
1196 2346 1252 2412 vel
1269 2345 1351 2413 lites

143 2451 331 2518 decidendo
344 2451 619 2519 sententiaverit:
636 2453 678 2517 ab
695 2450 892 2519 absentibus
908 2468 974 2517 non
990 2451 1252 2534 contradicetur,
1268 2447 1349 2531 quia

141 2554 293 2623 refertur
314 2558 359 2623 ad
380 2555 564 2639 universos,
594 2557 682 2635 quod
703 2554 837 2637 publice
867 2556 905 2620 iit
936 2571 996 2636 per
1023 2555 1181 2640 majorem
1204 2558 1350 2637 partem,

145 2658 235 2726 sicut
266 2678 317 2728 eru
350 2665 399 2743 g'r.
429 2660 460 2725 si
488 2659 629 2742 populus
661 2663 801 2727 vocetur
831 2676 892 2741 per
921 2661 1035 2728 tubam
1066 2660 1121 2725 vel
1153 2673 1349 2741 campanam

145 2762 199 2831 vel
223 2764 499 2849 vocopreconia,
529 2764 611 2832 licet
633 2782 699 2830 non
722 2781 838 2831 omnes
868 2763 1016 2846 veniunt,
1046 2763 1206 2831 videntur
1235 2766 1350 2828 tamen

146 2884 261 2936 omnes
284 2867 407 2952 iacere,
430 2871 518 2949 quod
540 2867 668 2936 iaciunt
691 2867 735 2950 bi,
759 2867 816 2948 qui
838 2871 1077 2936 convenerunt.
1102 2865 1150 2930 ut
1172 2866 1349 2932 sitantum

144 2972 231 3040 duae
256 2977 372 3056 partes
395 2972 552 3041 venirent
576 2978 612 3040 ot
632 2972 737 3056 major
759 2989 840 3053 pars
866 2970 999 3036 illarum
1030 2971 1171 3036 duarum
1202 2968 1349 3051 partium

146 3076 364 3161 consentiret,
395 3077 488 3146 valet
519 3075 630 3143 etiarn.
664 3075 765 3142 Ratio
801 3077 864 3157 est,
898 3072 976 3153 quia
1006 3090 1072 3139 non
1104 3090 1217 3140 omnes
1249 3072 1349 3141 facile

147 3186 289 3261 possunt
311 3179 511 3250 consentire.
534 3179 628 3247 idem
650 3183 713 3263 est,
734 3177 764 3244 si
786 3177 893 3245 iaciat
914 3177 1020 3261 major
1041 3172 1121 3259 pars
1144 3193 1268 3260 eorum,
1291 3175 1349 3258 qui

148 3291 310 3366 praesunt
333 3284 551 3355 universitati
573 3288 609 3352 ot
631 3289 711 3350 sunt
734 3281 889 3364 deputati
911 3280 984 3346 loco
1006 3279 1113 3346 totius
1135 3278 1296 3348 civitatis.

252 3390 363 3458 Nota
390 3388 665 3473 specialiter,
694 3387 782 3468 quod
813 3385 850 3452 in
880 3383 1029 3451 ferendis
1052 3383 1231 3451 sententiis
1255 3388 1291 3452 et
1313 3385 1349 3452 in

150 3494 367 3577 expediendis
405 3493 517 3561 causis
551 3490 749 3576 judiciariis,
786 3490 816 3556 si
851 3487 1004 3555 consules
1042 3491 1241 3569 praesentes
1274 3486 1349 3554 sine

150 3599 347 3668 absentibus
378 3597 507 3678 aliquid
535 3596 730 3679 terminant,
757 3593 793 3661 in
822 3611 862 3660 eo
894 3592 987 3660 cauti
1016 3590 1093 3674 sint,
1125 3592 1212 3671 quod
1241 3608 1262 3657 a
1291 3589 1349 3659 via

147 3701 232 3785 juris
264 3721 329 3771 non
358 3702 530 3783 recedant,
560 3699 637 3780 quia
669 3699 744 3765 Lex
777 3696 870 3779 dicit,
906 3696 1014 3778 ,quod
1036 3693 1206 3775 imperitia
1228 3691 1348 3776 culpae

151 3807 422 3889 adnumeratur“,
453 3809 488 3871 et
519 3802 655 3886 ponitur
683 3798 869 3884 exemplum
896 3798 941 3865 im
970 3796 1098 3865 medico
1120 3801 1157 3864 et
1175 3795 1291 3883 judice
1312 3802 1349 3866 et

150 3910 298 3989 quolibet
319 3909 458 3977 artifice.

247 4014 299 4098 It,
328 4013 359 4080 si
391 4013 533 4079 obscura
563 4016 642 4078 sunt
667 4007 746 4092 Jura
777 4005 982 4091 possidentis
1012 4010 1048 4072 et
1079 4004 1239 4089 petentis,
1265 4009 1348 4072 tunc

151 4119 420 4186 sententiandum
443 4119 496 4183 est
519 4132 579 4198 pro
600 4113 806 4198 possidente.

250 4224 301 4308 It,
332 4222 362 4288 si
391 4220 603 4288 habitatores
634 4215 703 4284 loci
733 4216 876 4301 aliquus
906 4212 1118 4298 privilegiati
1140 4218 1229 4298 sunt,
1260 4214 1349 4295 quod

154 4341 211 4405 per
243 4346 280 4395 se
310 4326 412 4412 ipsos,
448 4322 600 4408 principe
630 4339 696 4388 non
724 4321 946 4404 interrogato,
977 4318 1120 4403 jndicem
1154 4322 1190 4385 et
1215 4318 1348 4404 juratos

201 4463 274 4506 Codex
285 4464 329 4514 jur.
342 4462 394 4504 boh.
408 4460 436 4503 11.
449 4465 470 4502 4.
1209 4441 1242 4494 13
