<?xml version="1.0" encoding="UTF-8"?>
<!DOCTYPE html PUBLIC "-//W3C//DTD XHTML 1.0 Transitional//EN"
    "http://www.w3.org/TR/xhtml1/DTD/xhtml1-transitional.dtd">
<html xmlns="http://www.w3.org/1999/xhtml" xml:lang="en" lang="en">
 <head>
  <title>
</title>
<meta http-equiv="Content-Type" content="text/html;charset=utf-8" />
  <meta name='ocr-system' content='tesseract 3.04.00' />
  <meta name='ocr-capabilities' content='ocr_page ocr_carea ocr_par ocr_line ocrx_word'/>
</head>
<body>
  <div class='ocr_page' id='page_1' title='image "./codexjurisbohem00unkngoog_0296.png"; bbox 0 0 3275 5009; ppageno 0'>
   <div class='ocr_carea' id='block_1_1' title="bbox 280 346 959 402">
    <p class='ocr_par' dir='ltr' id='par_1_1' title="bbox 280 346 959 402">
     <span class='ocr_line' id='line_1_1' title="bbox 280 346 959 402; baseline -0.006 -1"><span class='ocrx_word' id='word_1_1' title='bbox 280 349 331 402; x_wconf 77' lang='lat'>280</span> <span class='ocrx_word' id='word_1_2' title='bbox 795 346 959 398; x_wconf 75' lang='lat' dir='ltr'>Sententiae</span> 
     </span>
    </p>
   </div>
   <div class='ocr_carea' id='block_1_2' title="bbox 272 554 1474 4395">
    <p class='ocr_par' dir='ltr' id='par_1_2' title="bbox 278 554 1472 1054">
     <span class='ocr_line' id='line_1_2' title="bbox 280 554 1469 638; baseline 0 -16"><span class='ocrx_word' id='word_1_3' title='bbox 280 561 406 636; x_wconf 81' lang='lat' dir='ltr'>ratum3</span> <span class='ocrx_word' id='word_1_4' title='bbox 435 555 615 622; x_wconf 84' lang='lat' dir='ltr'>admittens</span> <span class='ocrx_word' id='word_1_5' title='bbox 639 561 750 622; x_wconf 87' lang='lat' dir='ltr'>tamen</span> <span class='ocrx_word' id='word_1_6' title='bbox 774 554 937 638; x_wconf 89' lang='lat' dir='ltr'>benivole,</span> <span class='ocrx_word' id='word_1_7' title='bbox 968 558 1055 635; x_wconf 93' lang='lat' dir='ltr'>quod</span> <span class='ocrx_word' id='word_1_8' title='bbox 1086 557 1196 622; x_wconf 86' lang='lat' dir='ltr'>dictus</span> <span class='ocrx_word' id='word_1_9' title='bbox 1226 558 1366 622; x_wconf 87' lang='lat' dir='ltr'>maritus</span> <span class='ocrx_word' id='word_1_10' title='bbox 1397 576 1469 637; x_wconf 89' lang='lat' dir='ltr'>por-</span> 
     </span>
     <span class='ocr_line' id='line_1_3' title="bbox 281 660 1472 744; baseline 0 -20"><span class='ocrx_word' id='word_1_11' title='bbox 281 660 403 727; x_wconf 83' lang='lat' dir='ltr'>tionem</span> <span class='ocrx_word' id='word_1_12' title='bbox 428 661 657 742; x_wconf 71' lang='lat' dir='ltr'>praescriptae</span> <span class='ocrx_word' id='word_1_13' title='bbox 680 660 778 743; x_wconf 88' lang='lat' dir='ltr'>filiae,</span> <span class='ocrx_word' id='word_1_14' title='bbox 801 661 915 725; x_wconf 85' lang='lat' dir='ltr'>uxoris</span> <span class='ocrx_word' id='word_1_15' title='bbox 931 662 1012 744; x_wconf 90' lang='lat' dir='ltr'>ejus,</span> <span class='ocrx_word' id='word_1_16' title='bbox 1028 678 1109 726; x_wconf 90' lang='lat' dir='ltr'>suae</span> <span class='ocrx_word' id='word_1_17' title='bbox 1128 661 1278 726; x_wconf 77' lang='lat' dir='ltr'>subdidit</span> <span class='ocrx_word' id='word_1_18' title='bbox 1295 661 1472 742; x_wconf 71' lang='lat' dir='ltr'>potestati,</span> 
     </span>
     <span class='ocr_line' id='line_1_4' title="bbox 280 765 1472 848; baseline 0 -20"><span class='ocrx_word' id='word_1_19' title='bbox 280 772 398 845; x_wconf 88' lang='lat' dir='ltr'>petens</span> <span class='ocrx_word' id='word_1_20' title='bbox 422 782 481 846; x_wconf 92' lang='lat' dir='ltr'>pro</span> <span class='ocrx_word' id='word_1_21' title='bbox 504 783 540 830; x_wconf 92' lang='lat' dir='ltr'>se</span> <span class='ocrx_word' id='word_1_22' title='bbox 564 765 773 847; x_wconf 80' lang='lat' dir='ltr'>perjuratus</span> <span class='ocrx_word' id='word_1_23' title='bbox 797 765 1005 848; x_wconf 79' lang='lat' dir='ltr'>sententiani,</span> <span class='ocrx_word' id='word_1_24' title='bbox 1038 765 1135 845; x_wconf 89' lang='lat' dir='ltr'>quale</span> <span class='ocrx_word' id='word_1_25' title='bbox 1154 765 1209 846; x_wconf 84' lang='lat' dir='ltr'>jus</span> <span class='ocrx_word' id='word_1_26' title='bbox 1240 767 1283 830; x_wconf 92' lang='lat' dir='ltr'>ad</span> <span class='ocrx_word' id='word_1_27' title='bbox 1314 766 1472 830; x_wconf 91' lang='lat' dir='ltr'>minorem</span> 
     </span>
     <span class='ocr_line' id='line_1_5' title="bbox 278 868 1472 953; baseline 0 -19"><span class='ocrx_word' id='word_1_28' title='bbox 278 868 379 934; x_wconf 90' lang='lat' dir='ltr'>filiam</span> <span class='ocrx_word' id='word_1_29' title='bbox 403 870 532 953; x_wconf 83' lang='lat' dir='ltr'>atejus</span> <span class='ocrx_word' id='word_1_30' title='bbox 556 873 641 935; x_wconf 90' lang='lat' dir='ltr'>bona</span> <span class='ocrx_word' id='word_1_31' title='bbox 665 873 846 936; x_wconf 91' lang='lat' dir='ltr'>secundum</span> <span class='ocrx_word' id='word_1_32' title='bbox 868 888 980 934; x_wconf 90' lang='lat' dir='ltr'>curam</span> <span class='ocrx_word' id='word_1_33' title='bbox 1007 871 1232 936; x_wconf 84' lang='lat' dir='ltr'>executoriam</span> <span class='ocrx_word' id='word_1_34' title='bbox 1256 876 1291 935; x_wconf 91' lang='lat' dir='ltr'>et</span> <span class='ocrx_word' id='word_1_35' title='bbox 1314 869 1472 934; x_wconf 85' lang='lat' dir='ltr'>tutoriam</span> 
     </span>
     <span class='ocr_line' id='line_1_6' title="bbox 279 973 788 1054; baseline 0.006 -16"><span class='ocrx_word' id='word_1_36' title='bbox 279 973 345 1038; x_wconf 86' lang='lat' dir='ltr'>sibi</span> <span class='ocrx_word' id='word_1_37' title='bbox 368 979 573 1054; x_wconf 89' lang='lat' dir='ltr'>competeret</span> <span class='ocrx_word' id='word_1_38' title='bbox 594 975 630 1041; x_wconf 91' lang='lat' dir='ltr'>in</span> <span class='ocrx_word' id='word_1_39' title='bbox 652 975 788 1041; x_wconf 76' lang='lat' dir='ltr'>futuro?</span> 
     </span>
    </p>

    <p class='ocr_par' dir='ltr' id='par_1_3' title="bbox 279 1078 1473 1268">
     <span class='ocr_line' id='line_1_7' title="bbox 384 1078 1473 1164; baseline -0.002 -19"><span class='ocrx_word' id='word_1_40' title='bbox 384 1078 448 1162; x_wconf 77' lang='lat' dir='ltr'>Qui</span> <span class='ocrx_word' id='word_1_41' title='bbox 472 1081 881 1162; x_wconf 86' lang='lat' dir='ltr'>pronuntiaverunt,</span> <span class='ocrx_word' id='word_1_42' title='bbox 903 1083 988 1159; x_wconf 88' lang='lat' dir='ltr'>qaod</span> <span class='ocrx_word' id='word_1_43' title='bbox 1012 1099 1106 1146; x_wconf 92' lang='lat' dir='ltr'>omne</span> <span class='ocrx_word' id='word_1_44' title='bbox 1128 1083 1182 1164; x_wconf 87' lang='lat' dir='ltr'>jus</span> <span class='ocrx_word' id='word_1_45' title='bbox 1199 1098 1259 1161; x_wconf 89' lang='lat' dir='ltr'>per</span> <span class='ocrx_word' id='word_1_46' title='bbox 1274 1087 1473 1145; x_wconf 79' lang='lat' dir='ltr'>testatorem</span> 
     </span>
     <span class='ocr_line' id='line_1_8' title="bbox 279 1183 1218 1268; baseline 0.002 -20"><span class='ocrx_word' id='word_1_47' title='bbox 279 1183 343 1248; x_wconf 88' lang='lat' dir='ltr'>sibi</span> <span class='ocrx_word' id='word_1_48' title='bbox 365 1185 478 1248; x_wconf 90' lang='lat' dir='ltr'>datum</span> <span class='ocrx_word' id='word_1_49' title='bbox 502 1184 626 1248; x_wconf 89' lang='lat' dir='ltr'>habere</span> <span class='ocrx_word' id='word_1_50' title='bbox 650 1187 789 1250; x_wconf 87' lang='lat' dir='ltr'>deberet</span> <span class='ocrx_word' id='word_1_51' title='bbox 812 1185 977 1268; x_wconf 84' lang='lat' dir='ltr'>integrum</span> <span class='ocrx_word' id='word_1_52' title='bbox 1002 1191 1037 1249; x_wconf 92' lang='grc'>61</span> <span class='ocrx_word' id='word_1_53' title='bbox 1059 1185 1218 1250; x_wconf 85' lang='lat' dir='ltr'>illaesum.</span> 
     </span>
    </p>

    <p class='ocr_par' dir='ltr' id='par_1_4' title="bbox 276 1288 1474 2515">
     <span class='ocr_line' id='line_1_9' title="bbox 384 1288 1473 1368; baseline 0 -16"><span class='ocrx_word' id='word_1_54' title='bbox 384 1289 507 1352; x_wconf 85' lang='lat' dir='ltr'>Postea</span> <span class='ocrx_word' id='word_1_55' title='bbox 530 1306 609 1352; x_wconf 93' lang='lat' dir='ltr'>vero</span> <span class='ocrx_word' id='word_1_56' title='bbox 633 1291 748 1354; x_wconf 87' lang='lat' dir='ltr'>eadem</span> <span class='ocrx_word' id='word_1_57' title='bbox 771 1288 839 1354; x_wconf 89' lang='lat' dir='ltr'>filia</span> <span class='ocrx_word' id='word_1_58' title='bbox 862 1289 950 1355; x_wconf 87' lang='lat' dir='ltr'>viam</span> <span class='ocrx_word' id='word_1_59' title='bbox 974 1290 1097 1354; x_wconf 89' lang='lat' dir='ltr'>sororis</span> <span class='ocrx_word' id='word_1_60' title='bbox 1121 1307 1273 1368; x_wconf 81' lang='lat' dir='ltr'>sequeno,</span> <span class='ocrx_word' id='word_1_61' title='bbox 1306 1307 1381 1353; x_wconf 91' lang='lat' dir='ltr'>cum</span> <span class='ocrx_word' id='word_1_62' title='bbox 1411 1305 1473 1353; x_wconf 92' lang='lat' dir='ltr'>uno</span> 
     </span>
     <span class='ocr_line' id='line_1_10' title="bbox 280 1393 1473 1476; baseline -0.001 -20"><span class='ocrx_word' id='word_1_63' title='bbox 280 1393 420 1472; x_wconf 90' lang='lat' dir='ltr'>quodam</span> <span class='ocrx_word' id='word_1_64' title='bbox 444 1393 485 1456; x_wconf 91' lang='grc' dir='ltr'>Μ.</span> <span class='ocrx_word' id='word_1_65' title='bbox 510 1393 648 1476; x_wconf 88' lang='lat' dir='ltr'>nomine,</span> <span class='ocrx_word' id='word_1_66' title='bbox 682 1395 715 1458; x_wconf 91' lang='lat' dir='ltr'>in</span> <span class='ocrx_word' id='word_1_67' title='bbox 750 1395 894 1459; x_wconf 81' lang='lat' dir='ltr'>moribus</span> <span class='ocrx_word' id='word_1_68' title='bbox 918 1400 1127 1459; x_wconf 90' lang='lat' dir='ltr'>monstruoso</span> <span class='ocrx_word' id='word_1_69' title='bbox 1151 1402 1185 1458; x_wconf 92' lang='lat' dir='ltr'>et</span> <span class='ocrx_word' id='word_1_70' title='bbox 1209 1394 1294 1459; x_wconf 90' lang='lat' dir='ltr'>satis</span> <span class='ocrx_word' id='word_1_71' title='bbox 1317 1393 1473 1466; x_wconf 82' lang='lat' dir='ltr'>distorto,</span> 
     </span>
     <span class='ocr_line' id='line_1_11' title="bbox 277 1497 1474 1580; baseline 0 -20"><span class='ocrx_word' id='word_1_72' title='bbox 277 1513 343 1561; x_wconf 90' lang='lat' dir='ltr'>non</span> <span class='ocrx_word' id='word_1_73' title='bbox 366 1497 479 1574; x_wconf 90' lang='lat' dir='ltr'>audito</span> <span class='ocrx_word' id='word_1_74' title='bbox 502 1498 624 1562; x_wconf 80' lang='lat' dir='ltr'>tutoris</span> <span class='ocrx_word' id='word_1_75' title='bbox 648 1499 794 1580; x_wconf 89' lang='lat' dir='ltr'>consilio,</span> <span class='ocrx_word' id='word_1_76' title='bbox 817 1500 860 1562; x_wconf 93' lang='lat' dir='ltr'>ab</span> <span class='ocrx_word' id='word_1_77' title='bbox 884 1499 950 1563; x_wconf 91' lang='lat' dir='ltr'>alia</span> <span class='ocrx_word' id='word_1_78' title='bbox 975 1516 1087 1563; x_wconf 89' lang='lat' dir='ltr'>sorore</span> <span class='ocrx_word' id='word_1_79' title='bbox 1119 1509 1153 1562; x_wconf 91' lang='lat' dir='ltr'>et</span> <span class='ocrx_word' id='word_1_80' title='bbox 1184 1502 1298 1569; x_wconf 87' lang='lat' dir='ltr'>tutore</span> <span class='ocrx_word' id='word_1_81' title='bbox 1327 1497 1474 1562; x_wconf 84' lang='lat' dir='ltr'>recessit</span> 
     </span>
     <span class='ocr_line' id='line_1_12' title="bbox 279 1599 1474 1682; baseline 0 -17"><span class='ocrx_word' id='word_1_82' title='bbox 279 1600 421 1666; x_wconf 87' lang='lat' dir='ltr'>aliunde.</span> <span class='ocrx_word' id='word_1_83' title='bbox 452 1599 514 1682; x_wconf 81' lang='lat' dir='ltr'>Qui</span> <span class='ocrx_word' id='word_1_84' title='bbox 539 1605 580 1667; x_wconf 92' lang='lat' dir='ltr'>de</span> <span class='ocrx_word' id='word_1_85' title='bbox 602 1602 701 1668; x_wconf 90' lang='lat' dir='ltr'>vinea</span> <span class='ocrx_word' id='word_1_86' title='bbox 725 1605 868 1682; x_wconf 88' lang='lat' dir='ltr'>quadam</span> <span class='ocrx_word' id='word_1_87' title='bbox 892 1621 952 1682; x_wconf 91' lang='lat' dir='ltr'>per</span> <span class='ocrx_word' id='word_1_88' title='bbox 975 1606 1173 1666; x_wconf 88' lang='lat' dir='ltr'>testatorem</span> <span class='ocrx_word' id='word_1_89' title='bbox 1204 1601 1324 1667; x_wconf 84' lang='lat' dir='ltr'>relicta</span> <span class='ocrx_word' id='word_1_90' title='bbox 1353 1600 1474 1666; x_wconf 86' lang='lat' dir='ltr'>frivole</span> 
     </span>
     <span class='ocr_line' id='line_1_13' title="bbox 278 1705 1474 1789; baseline -0.001 -20"><span class='ocrx_word' id='word_1_91' title='bbox 278 1706 515 1783; x_wconf 87' lang='lat' dir='ltr'>quodammodo</span> <span class='ocrx_word' id='word_1_92' title='bbox 539 1725 576 1772; x_wconf 89' lang='lat' dir='ltr'>se</span> <span class='ocrx_word' id='word_1_93' title='bbox 599 1706 831 1772; x_wconf 88' lang='lat' dir='ltr'>intromittens.</span> <span class='ocrx_word' id='word_1_94' title='bbox 857 1724 1014 1772; x_wconf 84' lang='lat' dir='ltr'>reversus</span> <span class='ocrx_word' id='word_1_95' title='bbox 1031 1716 1092 1786; x_wconf 83' lang='lat' dir='ltr'>est,</span> <span class='ocrx_word' id='word_1_96' title='bbox 1108 1712 1252 1770; x_wconf 90' lang='lat' dir='ltr'>tutorem</span> <span class='ocrx_word' id='word_1_97' title='bbox 1265 1705 1474 1789; x_wconf 86' lang='lat' dir='ltr'>judicialiter</span> 
     </span>
     <span class='ocr_line' id='line_1_14' title="bbox 277 1807 1474 1892; baseline 0.003 -20"><span class='ocrx_word' id='word_1_98' title='bbox 277 1807 311 1874; x_wconf 91' lang='grc'>16</span> <span class='ocrx_word' id='word_1_99' title='bbox 336 1826 469 1874; x_wconf 89' lang='lat' dir='ltr'>causam</span> <span class='ocrx_word' id='word_1_100' title='bbox 494 1811 631 1875; x_wconf 85' lang='lat' dir='ltr'>trahens</span> <span class='ocrx_word' id='word_1_101' title='bbox 656 1829 714 1890; x_wconf 92' lang='lat' dir='ltr'>pro</span> <span class='ocrx_word' id='word_1_102' title='bbox 739 1809 889 1877; x_wconf 87' lang='lat' dir='ltr'>omnibus</span> <span class='ocrx_word' id='word_1_103' title='bbox 920 1810 1023 1891; x_wconf 88' lang='lat' dir='ltr'>bonis,</span> <span class='ocrx_word' id='word_1_104' title='bbox 1059 1829 1118 1892; x_wconf 89' lang='lat' dir='ltr'>per</span> <span class='ocrx_word' id='word_1_105' title='bbox 1147 1817 1346 1876; x_wconf 86' lang='lat' dir='ltr'>testatorem</span> <span class='ocrx_word' id='word_1_106' title='bbox 1377 1829 1474 1891; x_wconf 89' lang='lat' dir='ltr'>prae·</span> 
     </span>
     <span class='ocr_line' id='line_1_15' title="bbox 276 1915 1472 1998; baseline 0.002 -22"><span class='ocrx_word' id='word_1_107' title='bbox 276 1920 449 1994; x_wconf 89' lang='lat' dir='ltr'>mortuum,</span> <span class='ocrx_word' id='word_1_108' title='bbox 461 1932 610 1980; x_wconf 88' lang='lat' dir='ltr'>socerum</span> <span class='ocrx_word' id='word_1_109' title='bbox 622 1933 725 1998; x_wconf 90' lang='lat' dir='ltr'>suum,</span> <span class='ocrx_word' id='word_1_110' title='bbox 743 1915 896 1996; x_wconf 77' lang='lat' dir='ltr'>dimissio,</span> <span class='ocrx_word' id='word_1_111' title='bbox 909 1934 994 1994; x_wconf 89' lang='lat' dir='ltr'>quae</span> <span class='ocrx_word' id='word_1_112' title='bbox 1011 1916 1182 1998; x_wconf 83' lang='lat' dir='ltr'>allegabat</span> <span class='ocrx_word' id='word_1_113' title='bbox 1197 1916 1271 1980; x_wconf 91' lang='lat' dir='ltr'>vice</span> <span class='ocrx_word' id='word_1_114' title='bbox 1286 1919 1321 1980; x_wconf 91' lang='lat' dir='ltr'>et</span> <span class='ocrx_word' id='word_1_115' title='bbox 1337 1916 1472 1980; x_wconf 88' lang='lat' dir='ltr'>nomine</span> 
     </span>
     <span class='ocr_line' id='line_1_16' title="bbox 278 2015 1474 2102; baseline 0.002 -22"><span class='ocrx_word' id='word_1_116' title='bbox 278 2015 391 2082; x_wconf 86' lang='lat' dir='ltr'>uxoris</span> <span class='ocrx_word' id='word_1_117' title='bbox 415 2036 505 2098; x_wconf 85' lang='lat' dir='ltr'>suae,</span> <span class='ocrx_word' id='word_1_118' title='bbox 535 2021 622 2084; x_wconf 89' lang='lat' dir='ltr'>sieut</span> <span class='ocrx_word' id='word_1_119' title='bbox 652 2022 695 2084; x_wconf 90' lang='lat' dir='ltr'>ad</span> <span class='ocrx_word' id='word_1_120' title='bbox 724 2029 864 2085; x_wconf 90' lang='lat' dir='ltr'>tutorem</span> <span class='ocrx_word' id='word_1_121' title='bbox 896 2019 1080 2102; x_wconf 85' lang='lat' dir='ltr'>legitimum</span> <span class='ocrx_word' id='word_1_122' title='bbox 1104 2021 1146 2084; x_wconf 91' lang='lat' dir='ltr'>ad</span> <span class='ocrx_word' id='word_1_123' title='bbox 1170 2038 1206 2084; x_wconf 89' lang='lat' dir='ltr'>se</span> <span class='ocrx_word' id='word_1_124' title='bbox 1230 2020 1350 2102; x_wconf 82' lang='lat' dir='ltr'>potine,</span> <span class='ocrx_word' id='word_1_125' title='bbox 1374 2038 1474 2098; x_wconf 89' lang='lat' dir='ltr'>quam</span> 
     </span>
     <span class='ocr_line' id='line_1_17' title="bbox 278 2123 1472 2208; baseline 0.001 -23"><span class='ocrx_word' id='word_1_126' title='bbox 278 2123 321 2186; x_wconf 92' lang='lat' dir='ltr'>ad</span> <span class='ocrx_word' id='word_1_127' title='bbox 355 2130 499 2188; x_wconf 89' lang='lat' dir='ltr'>tutorem</span> <span class='ocrx_word' id='word_1_128' title='bbox 534 2124 672 2202; x_wconf 90' lang='lat' dir='ltr'>primum</span> <span class='ocrx_word' id='word_1_129' title='bbox 708 2127 830 2190; x_wconf 89' lang='lat' dir='ltr'>debere</span> <span class='ocrx_word' id='word_1_130' title='bbox 854 2125 1027 2205; x_wconf 85' lang='lat' dir='ltr'>perficere.</span> <span class='ocrx_word' id='word_1_131' title='bbox 1063 2124 1137 2208; x_wconf 78' lang='lat' dir='ltr'>Qua</span> <span class='ocrx_word' id='word_1_132' title='bbox 1160 2123 1364 2206; x_wconf 84' lang='lat' dir='ltr'>allegatione</span> <span class='ocrx_word' id='word_1_133' title='bbox 1390 2132 1472 2187; x_wconf 92' lang='lat' dir='ltr'>tam-</span> 
     </span>
     <span class='ocr_line' id='line_1_18' title="bbox 277 2226 1474 2311; baseline 0.001 -21"><span class='ocrx_word' id='word_1_134' title='bbox 277 2244 369 2305; x_wconf 89' lang='lat' dir='ltr'>quam</span> <span class='ocrx_word' id='word_1_135' title='bbox 408 2226 556 2292; x_wconf 89' lang='lat' dir='ltr'>invalida</span> <span class='ocrx_word' id='word_1_136' title='bbox 591 2247 655 2294; x_wconf 91' lang='lat' dir='ltr'>non</span> <span class='ocrx_word' id='word_1_137' title='bbox 691 2237 842 2311; x_wconf 89' lang='lat' dir='ltr'>pensata,</span> <span class='ocrx_word' id='word_1_138' title='bbox 873 2230 979 2309; x_wconf 85' lang='lat' dir='ltr'>jurati</span> <span class='ocrx_word' id='word_1_139' title='bbox 1011 2229 1207 2294; x_wconf 88' lang='lat' dir='ltr'>secundario</span> <span class='ocrx_word' id='word_1_140' title='bbox 1236 2229 1277 2293; x_wconf 84' lang='lat' dir='ltr'>M.</span> <span class='ocrx_word' id='word_1_141' title='bbox 1301 2227 1474 2292; x_wconf 89' lang='lat' dir='ltr'>silentium</span> 
     </span>
     <span class='ocr_line' id='line_1_19' title="bbox 278 2333 1474 2414; baseline 0 -21"><span class='ocrx_word' id='word_1_142' title='bbox 278 2337 475 2411; x_wconf 85' lang='lat' dir='ltr'>perpetuum</span> <span class='ocrx_word' id='word_1_143' title='bbox 502 2333 718 2414; x_wconf 77' lang='lat' dir='ltr'>imponentes,</span> <span class='ocrx_word' id='word_1_144' title='bbox 750 2335 1044 2398; x_wconf 87' lang='lat' dir='ltr'>sententiaverunt</span> <span class='ocrx_word' id='word_1_145' title='bbox 1068 2351 1127 2412; x_wconf 89' lang='lat' dir='ltr'>pro</span> <span class='ocrx_word' id='word_1_146' title='bbox 1152 2334 1199 2413; x_wconf 84' lang='lat' dir='ltr'>A,</span> <span class='ocrx_word' id='word_1_147' title='bbox 1230 2338 1352 2412; x_wconf 85' lang='lat' dir='ltr'>tutore,</span> <span class='ocrx_word' id='word_1_148' title='bbox 1384 2333 1474 2397; x_wconf 87' lang='lat' dir='ltr'>sicut</span> 
     </span>
     <span class='ocr_line' id='line_1_20' title="bbox 278 2435 655 2515; baseline 0.008 -17"><span class='ocrx_word' id='word_1_149' title='bbox 278 2435 432 2515; x_wconf 90' lang='lat' dir='ltr'>superius</span> <span class='ocrx_word' id='word_1_150' title='bbox 455 2435 655 2501; x_wconf 81' lang='lat' dir='ltr'>continetur.</span> 
     </span>
    </p>

    <p class='ocr_par' dir='ltr' id='par_1_5' title="bbox 276 2538 1474 3662">
     <span class='ocr_line' id='line_1_21' title="bbox 383 2538 1474 2632; baseline 0 -30"><span class='ocrx_word' id='word_1_151' title='bbox 383 2538 477 2621; x_wconf 81' lang='lat' dir='ltr'>Quod</span> <span class='ocrx_word' id='word_1_152' title='bbox 500 2541 640 2605; x_wconf 87' lang='lat' dir='ltr'>maritus</span> <span class='ocrx_word' id='word_1_153' title='bbox 667 2541 856 2620; x_wconf 86' lang='lat' dir='ltr'>praedictus</span> <span class='ocrx_word' id='word_1_154' title='bbox 873 2541 1119 2621; x_wconf 87' lang='lat' dir='ltr'>parvipendens</span> <span class='ocrx_word' id='word_1_155' title='bbox 1136 2546 1253 2605; x_wconf 89' lang='lat' dir='ltr'>contra</span> <span class='ocrx_word' id='word_1_156' title='bbox 1268 2541 1474 2632; x_wconf 81' lang='lat' dir='ltr'>sententiam</span> 
     </span>
     <span class='ocr_line' id='line_1_22' title="bbox 278 2643 1473 2727; baseline 0.001 -21"><span class='ocrx_word' id='word_1_157' title='bbox 278 2643 482 2722; x_wconf 86' lang='lat' dir='ltr'>praedictam</span> <span class='ocrx_word' id='word_1_158' title='bbox 505 2663 563 2724; x_wconf 89' lang='lat' dir='ltr'>per</span> <span class='ocrx_word' id='word_1_159' title='bbox 575 2647 707 2724; x_wconf 86' lang='lat' dir='ltr'>juratos</span> <span class='ocrx_word' id='word_1_160' title='bbox 725 2644 836 2726; x_wconf 87' lang='lat' dir='ltr'>latam,</span> <span class='ocrx_word' id='word_1_161' title='bbox 853 2646 1095 2727; x_wconf 84' lang='lat' dir='ltr'>praescriptam</span> <span class='ocrx_word' id='word_1_162' title='bbox 1112 2647 1241 2710; x_wconf 83' lang='lat' dir='ltr'>vineam</span> <span class='ocrx_word' id='word_1_163' title='bbox 1259 2663 1343 2709; x_wconf 90' lang='lat' dir='ltr'>ausu</span> <span class='ocrx_word' id='word_1_164' title='bbox 1360 2645 1473 2709; x_wconf 89' lang='lat' dir='ltr'>tenuit</span> 
     </span>
     <span class='ocr_line' id='line_1_23' title="bbox 277 2746 1473 2829; baseline 0.002 -20"><span class='ocrx_word' id='word_1_165' title='bbox 277 2746 465 2829; x_wconf 89' lang='lat' dir='ltr'>temerario,</span> <span class='ocrx_word' id='word_1_166' title='bbox 489 2750 593 2813; x_wconf 90' lang='lat' dir='ltr'>donec</span> <span class='ocrx_word' id='word_1_167' title='bbox 617 2751 793 2814; x_wconf 90' lang='lat' dir='ltr'>dominium</span> <span class='ocrx_word' id='word_1_168' title='bbox 817 2749 967 2814; x_wconf 85' lang='lat' dir='ltr'>civitatis</span> <span class='ocrx_word' id='word_1_169' title='bbox 984 2751 1024 2813; x_wconf 92' lang='lat' dir='ltr'>de</span> <span class='ocrx_word' id='word_1_170' title='bbox 1042 2754 1081 2814; x_wconf 84' lang='lat' dir='ltr'>A.</span> <span class='ocrx_word' id='word_1_171' title='bbox 1097 2751 1219 2816; x_wconf 91' lang='lat' dir='ltr'>ibidem</span> <span class='ocrx_word' id='word_1_172' title='bbox 1236 2749 1373 2814; x_wconf 88' lang='lat' dir='ltr'>veniens</span> <span class='ocrx_word' id='word_1_173' title='bbox 1392 2749 1473 2813; x_wconf 90' lang='lat' dir='ltr'>illuc</span> 
     </span>
     <span class='ocr_line' id='line_1_24' title="bbox 277 2852 1473 2936; baseline 0.001 -20"><span class='ocrx_word' id='word_1_174' title='bbox 277 2852 462 2934; x_wconf 76' lang='lat' dir='ltr'>adjuratos</span> <span class='ocrx_word' id='word_1_175' title='bbox 486 2856 527 2917; x_wconf 91' lang='lat' dir='ltr'>de</span> <span class='ocrx_word' id='word_1_176' title='bbox 551 2853 611 2918; x_wconf 90' lang='lat' dir='ltr'>lite</span> <span class='ocrx_word' id='word_1_177' title='bbox 637 2855 828 2932; x_wconf 84' lang='lat' dir='ltr'>praemissa</span> <span class='ocrx_word' id='word_1_178' title='bbox 848 2856 1070 2936; x_wconf 84' lang='lat' dir='ltr'>interrogans,</span> <span class='ocrx_word' id='word_1_179' title='bbox 1099 2858 1141 2920; x_wconf 92' lang='lat' dir='ltr'>ab</span> <span class='ocrx_word' id='word_1_180' title='bbox 1172 2855 1254 2934; x_wconf 90' lang='lat' dir='ltr'>ipsis</span> <span class='ocrx_word' id='word_1_181' title='bbox 1285 2853 1473 2934; x_wconf 80' lang='lat' dir='ltr'>didicisset,</span> 
     </span>
     <span class='ocr_line' id='line_1_25' title="bbox 278 2957 1473 3040; baseline 0 -20"><span class='ocrx_word' id='word_1_182' title='bbox 278 2957 354 3034; x_wconf 90' lang='lat' dir='ltr'>quia</span> <span class='ocrx_word' id='word_1_183' title='bbox 385 2958 426 3022; x_wconf 87' lang='grc'><strong>111,</strong></span> <span class='ocrx_word' id='word_1_184' title='bbox 458 2957 548 3022; x_wconf 92' lang='lat' dir='ltr'>velut</span> <span class='ocrx_word' id='word_1_185' title='bbox 580 2965 755 3022; x_wconf 86' lang='lat' dir='ltr'>contumax</span> <span class='ocrx_word' id='word_1_186' title='bbox 788 2977 899 3022; x_wconf 91' lang='lat' dir='ltr'>eorum</span> <span class='ocrx_word' id='word_1_187' title='bbox 928 2960 1084 3040; x_wconf 88' lang='lat' dir='ltr'>judicium</span> <span class='ocrx_word' id='word_1_188' title='bbox 1118 2964 1153 3023; x_wconf 93' lang='grc'>61</span> <span class='ocrx_word' id='word_1_189' title='bbox 1183 2959 1372 3024; x_wconf 87' lang='lat' dir='ltr'>sententias</span> <span class='ocrx_word' id='word_1_190' title='bbox 1406 2976 1473 3022; x_wconf 91' lang='lat' dir='ltr'>non</span> 
     </span>
     <span class='ocr_line' id='line_1_26' title="bbox 278 3062 1472 3145; baseline 0.003 -20"><span class='ocrx_word' id='word_1_191' title='bbox 278 3069 420 3126; x_wconf 88' lang='lat' dir='ltr'>curaret.</span> <span class='ocrx_word' id='word_1_192' title='bbox 446 3062 592 3126; x_wconf 89' lang='lat' dir='ltr'>Vocatus</span> <span class='ocrx_word' id='word_1_193' title='bbox 616 3069 669 3127; x_wconf 88' lang='lat' dir='ltr'>est</span> <span class='ocrx_word' id='word_1_194' title='bbox 692 3081 771 3145; x_wconf 84' lang='lat' dir='ltr'>ergo</span> <span class='ocrx_word' id='word_1_195' title='bbox 795 3066 838 3128; x_wconf 91' lang='lat' dir='ltr'>ad</span> <span class='ocrx_word' id='word_1_196' title='bbox 862 3063 1086 3142; x_wconf 86' lang='lat' dir='ltr'>praesentiam</span> <span class='ocrx_word' id='word_1_197' title='bbox 1105 3063 1247 3143; x_wconf 89' lang='lat' dir='ltr'>dominii,</span> <span class='ocrx_word' id='word_1_198' title='bbox 1263 3064 1351 3141; x_wconf 94' lang='lat' dir='ltr'>quod</span> <span class='ocrx_word' id='word_1_199' title='bbox 1368 3081 1472 3127; x_wconf 82' lang='grc'><strong>66666</strong></span> 
     </span>
     <span class='ocr_line' id='line_1_27' title="bbox 277 3166 1472 3247; baseline 0 -16"><span class='ocrx_word' id='word_1_200' title='bbox 277 3166 370 3244; x_wconf 86' lang='lat' dir='ltr'>pacis</span> <span class='ocrx_word' id='word_1_201' title='bbox 394 3176 429 3228; x_wconf 77' lang='lat' dir='ltr'>et</span> <span class='ocrx_word' id='word_1_202' title='bbox 453 3166 612 3230; x_wconf 90' lang='lat' dir='ltr'>commodi</span> <span class='ocrx_word' id='word_1_203' title='bbox 628 3168 741 3231; x_wconf 87' lang='lat' dir='ltr'>ambas</span> <span class='ocrx_word' id='word_1_204' title='bbox 758 3170 800 3230; x_wconf 92' lang='lat' dir='ltr'>ad</span> <span class='ocrx_word' id='word_1_205' title='bbox 816 3167 878 3230; x_wconf 93' lang='lat' dir='ltr'>hoc</span> <span class='ocrx_word' id='word_1_206' title='bbox 894 3167 1024 3231; x_wconf 82' lang='lat' dir='ltr'>induxit</span> <span class='ocrx_word' id='word_1_207' title='bbox 1040 3171 1162 3247; x_wconf 81' lang='lat' dir='ltr'>partae,</span> <span class='ocrx_word' id='word_1_208' title='bbox 1180 3168 1265 3245; x_wconf 92' lang='lat' dir='ltr'>quod</span> <span class='ocrx_word' id='word_1_209' title='bbox 1282 3166 1472 3246; x_wconf 87' lang='lat' dir='ltr'>injuratos,</span> 
     </span>
     <span class='ocr_line' id='line_1_28' title="bbox 277 3266 1472 3352; baseline 0.002 -20"><span class='ocrx_word' id='word_1_210' title='bbox 277 3277 345 3334; x_wconf 91' lang='lat' dir='ltr'>tam</span> <span class='ocrx_word' id='word_1_211' title='bbox 376 3289 488 3350; x_wconf 80' lang='lat' dir='ltr'>novoe,</span> <span class='ocrx_word' id='word_1_212' title='bbox 519 3289 614 3348; x_wconf 92' lang='lat' dir='ltr'>quam</span> <span class='ocrx_word' id='word_1_213' title='bbox 646 3274 811 3350; x_wconf 89' lang='lat' dir='ltr'>antiquos,</span> <span class='ocrx_word' id='word_1_214' title='bbox 846 3278 883 3336; x_wconf 88' lang='lat' dir='ltr'>ut</span> <span class='ocrx_word' id='word_1_215' title='bbox 915 3271 950 3335; x_wconf 94' lang='grc'>16</span> <span class='ocrx_word' id='word_1_216' title='bbox 984 3266 1215 3352; x_wconf 79' lang='lat' dir='ltr'>arbitratures,</span> <span class='ocrx_word' id='word_1_217' title='bbox 1249 3271 1472 3351; x_wconf 70' lang='lat' dir='ltr'>ordinatores</span> 
     </span>
     <span class='ocr_line' id='line_1_29' title="bbox 277 3373 1471 3458; baseline -0.001 -19"><span class='ocrx_word' id='word_1_218' title='bbox 277 3373 484 3456; x_wconf 83' lang='lat' dir='ltr'>diffinitores,</span> <span class='ocrx_word' id='word_1_219' title='bbox 510 3376 701 3439; x_wconf 85' lang='lat' dir='ltr'>amicabiles</span> <span class='ocrx_word' id='word_1_220' title='bbox 726 3375 965 3454; x_wconf 86' lang='lat' dir='ltr'>compositores</span> <span class='ocrx_word' id='word_1_221' title='bbox 988 3385 1023 3440; x_wconf 90' lang='lat' dir='ltr'>et</span> <span class='ocrx_word' id='word_1_222' title='bbox 1046 3376 1274 3441; x_wconf 88' lang='lat' dir='ltr'>universorum</span> <span class='ocrx_word' id='word_1_223' title='bbox 1298 3384 1332 3440; x_wconf 93' lang='grc'>61</span> <span class='ocrx_word' id='word_1_224' title='bbox 1356 3377 1471 3458; x_wconf 84' lang='lat' dir='ltr'>singu-</span> 
     </span>
     <span class='ocr_line' id='line_1_30' title="bbox 276 3479 1471 3559; baseline 0.002 -17"><span class='ocrx_word' id='word_1_225' title='bbox 276 3479 389 3556; x_wconf 90' lang='lat' dir='ltr'>lorum,</span> <span class='ocrx_word' id='word_1_226' title='bbox 413 3498 498 3558; x_wconf 89' lang='lat' dir='ltr'>quae</span> <span class='ocrx_word' id='word_1_227' title='bbox 521 3480 609 3545; x_wconf 87' lang='lat' dir='ltr'>inter</span> <span class='ocrx_word' id='word_1_228' title='bbox 641 3497 697 3542; x_wconf 88' lang='lat' dir='ltr'>eas</span> <span class='ocrx_word' id='word_1_229' title='bbox 729 3479 885 3544; x_wconf 87' lang='lat' dir='ltr'>hincinde</span> <span class='ocrx_word' id='word_1_230' title='bbox 916 3483 1144 3559; x_wconf 87' lang='lat' dir='ltr'>vertebantur,</span> <span class='ocrx_word' id='word_1_231' title='bbox 1180 3480 1393 3559; x_wconf 75' lang='lat' dir='ltr'>expedituros</span> <span class='ocrx_word' id='word_1_232' title='bbox 1430 3483 1471 3544; x_wconf 92' lang='lat' dir='ltr'>de</span> 
     </span>
     <span class='ocr_line' id='line_1_31' title="bbox 276 3583 1018 3662; baseline 0.003 -16"><span class='ocrx_word' id='word_1_233' title='bbox 276 3584 344 3648; x_wconf 91' lang='lat' dir='ltr'>alto</span> <span class='ocrx_word' id='word_1_234' title='bbox 370 3596 404 3648; x_wconf 90' lang='lat' dir='ltr'>et</span> <span class='ocrx_word' id='word_1_235' title='bbox 428 3588 524 3648; x_wconf 87' lang='lat' dir='ltr'>basso</span> <span class='ocrx_word' id='word_1_236' title='bbox 550 3583 746 3662; x_wconf 88' lang='lat' dir='ltr'>simpliciter</span> <span class='ocrx_word' id='word_1_237' title='bbox 769 3592 1018 3648; x_wconf 81' lang='lat' dir='ltr'>consenserunt.</span> 
     </span>
    </p>

    <p class='ocr_par' dir='ltr' id='par_1_6' title="bbox 272 3688 1469 4395">
     <span class='ocr_line' id='line_1_32' title="bbox 381 3688 1469 3770; baseline 0 -18"><span class='ocrx_word' id='word_1_238' title='bbox 381 3689 446 3770; x_wconf 75' lang='lat' dir='ltr'>Qui</span> <span class='ocrx_word' id='word_1_239' title='bbox 460 3699 632 3767; x_wconf 87' lang='lat' dir='ltr'>postquam</span> <span class='ocrx_word' id='word_1_240' title='bbox 646 3689 779 3753; x_wconf 91' lang='lat' dir='ltr'>laudum</span> <span class='ocrx_word' id='word_1_241' title='bbox 796 3696 831 3752; x_wconf 93' lang='lat' dir='ltr'>et</span> <span class='ocrx_word' id='word_1_242' title='bbox 847 3689 1021 3752; x_wconf 89' lang='lat' dir='ltr'>arbitrium</span> <span class='ocrx_word' id='word_1_243' title='bbox 1036 3690 1182 3767; x_wconf 91' lang='lat' dir='ltr'>ipsorum</span> <span class='ocrx_word' id='word_1_244' title='bbox 1198 3706 1306 3753; x_wconf 89' lang='lat' dir='ltr'>coram</span> <span class='ocrx_word' id='word_1_245' title='bbox 1325 3688 1469 3752; x_wconf 91' lang='lat' dir='ltr'>dominio</span> 
     </span>
     <span class='ocr_line' id='line_1_33' title="bbox 277 3791 1469 3876; baseline 0.001 -21"><span class='ocrx_word' id='word_1_246' title='bbox 277 3795 544 3876; x_wconf 77' lang='lat' dir='ltr'>promulgassent</span> <span class='ocrx_word' id='word_1_247' title='bbox 576 3802 610 3857; x_wconf 90' lang='grc'>61</span> <span class='ocrx_word' id='word_1_248' title='bbox 641 3812 746 3873; x_wconf 90' lang='lat' dir='ltr'>poena</span> <span class='ocrx_word' id='word_1_249' title='bbox 779 3801 908 3858; x_wconf 86' lang='lat' dir='ltr'>statuta</span> <span class='ocrx_word' id='word_1_250' title='bbox 939 3794 1133 3871; x_wconf 90' lang='lat' dir='ltr'>vallassent,</span> <span class='ocrx_word' id='word_1_251' title='bbox 1162 3793 1204 3856; x_wconf 85' lang='lat' dir='ltr'>M.</span> <span class='ocrx_word' id='word_1_252' title='bbox 1236 3798 1358 3872; x_wconf 90' lang='lat' dir='ltr'>tamen,</span> <span class='ocrx_word' id='word_1_253' title='bbox 1388 3791 1469 3856; x_wconf 90' lang='lat' dir='ltr'>licet</span> 
     </span>
     <span class='ocr_line' id='line_1_34' title="bbox 277 3895 1467 3976; baseline -0.002 -16"><span class='ocrx_word' id='word_1_254' title='bbox 277 3898 425 3960; x_wconf 87' lang='lat' dir='ltr'>omnibus</span> <span class='ocrx_word' id='word_1_255' title='bbox 448 3898 619 3962; x_wconf 89' lang='lat' dir='ltr'>arbitrium</span> <span class='ocrx_word' id='word_1_256' title='bbox 643 3898 857 3960; x_wconf 88' lang='lat' dir='ltr'>audientibus</span> <span class='ocrx_word' id='word_1_257' title='bbox 874 3899 958 3960; x_wconf 89' lang='lat' dir='ltr'>bene</span> <span class='ocrx_word' id='word_1_258' title='bbox 976 3896 1133 3976; x_wconf 86' lang='lat' dir='ltr'>placeret,</span> <span class='ocrx_word' id='word_1_259' title='bbox 1150 3914 1223 3960; x_wconf 91' lang='lat' dir='ltr'>cum</span> <span class='ocrx_word' id='word_1_260' title='bbox 1238 3895 1346 3975; x_wconf 90' lang='lat' dir='ltr'>ipsum</span> <span class='ocrx_word' id='word_1_261' title='bbox 1363 3896 1467 3960; x_wconf 88' lang='lat' dir='ltr'>recla-</span> 
     </span>
     <span class='ocr_line' id='line_1_35' title="bbox 276 3997 1467 4081; baseline -0.003 -17"><span class='ocrx_word' id='word_1_262' title='bbox 276 4010 383 4064; x_wconf 90' lang='lat' dir='ltr'>maret</span> <span class='ocrx_word' id='word_1_263' title='bbox 407 4012 440 4065; x_wconf 90' lang='lat' dir='ltr'>et</span> <span class='ocrx_word' id='word_1_264' title='bbox 464 4010 572 4066; x_wconf 89' lang='lat' dir='ltr'>ratum</span> <span class='ocrx_word' id='word_1_265' title='bbox 596 4014 711 4065; x_wconf 88' lang='grc'><strong>166616</strong></span> <span class='ocrx_word' id='word_1_266' title='bbox 735 4002 967 4081; x_wconf 84' lang='lat' dir='ltr'>vilipenderet,</span> <span class='ocrx_word' id='word_1_267' title='bbox 996 4019 1055 4080; x_wconf 88' lang='lat' dir='ltr'>per</span> <span class='ocrx_word' id='word_1_268' title='bbox 1078 4000 1241 4064; x_wconf 90' lang='lat' dir='ltr'>dominum</span> <span class='ocrx_word' id='word_1_269' title='bbox 1263 3997 1410 4081; x_wconf 87' lang='lat' dir='ltr'>jndicem</span> <span class='ocrx_word' id='word_1_270' title='bbox 1434 4005 1467 4063; x_wconf 92' lang='grc'><strong>61</strong></span> 
     </span>
     <span class='ocr_line' id='line_1_36' title="bbox 272 4104 1466 4185; baseline -0.002 -17"><span class='ocrx_word' id='word_1_271' title='bbox 272 4104 403 4185; x_wconf 87' lang='lat' dir='ltr'>jnratos</span> <span class='ocrx_word' id='word_1_272' title='bbox 427 4104 490 4169; x_wconf 90' lang='lat' dir='ltr'>sibi</span> <span class='ocrx_word' id='word_1_273' title='bbox 514 4105 683 4182; x_wconf 85' lang='grc'><strong>61161611,</strong></span> <span class='ocrx_word' id='word_1_274' title='bbox 707 4105 833 4170; x_wconf 88' lang='lat' dir='ltr'>indicta</span> <span class='ocrx_word' id='word_1_275' title='bbox 861 4110 1018 4170; x_wconf 85' lang='lat' dir='ltr'>consueto</span> <span class='ocrx_word' id='word_1_276' title='bbox 1046 4122 1134 4169; x_wconf 91' lang='lat' dir='ltr'>more</span> <span class='ocrx_word' id='word_1_277' title='bbox 1158 4122 1251 4184; x_wconf 86' lang='lat' dir='ltr'>pace,</span> <span class='ocrx_word' id='word_1_278' title='bbox 1274 4107 1466 4169; x_wconf 89' lang='lat' dir='ltr'>mandatnm</span> 
     </span>
     <span class='ocr_line' id='line_1_37' title="bbox 275 4207 1465 4290; baseline -0.003 -18"><span class='ocrx_word' id='word_1_279' title='bbox 275 4207 347 4290; x_wconf 82' lang='lat' dir='ltr'>fuit,</span> <span class='ocrx_word' id='word_1_280' title='bbox 365 4214 450 4287; x_wconf 91' lang='lat' dir='ltr'>quod</span> <span class='ocrx_word' id='word_1_281' title='bbox 467 4233 486 4272; x_wconf 85' lang='lat' dir='ltr'>a</span> <span class='ocrx_word' id='word_1_282' title='bbox 503 4210 641 4274; x_wconf 88' lang='lat' dir='ltr'>civitate</span> <span class='ocrx_word' id='word_1_283' title='bbox 658 4209 757 4273; x_wconf 88' lang='lat' dir='ltr'>alteri</span> <span class='ocrx_word' id='word_1_284' title='bbox 773 4209 915 4273; x_wconf 91' lang='lat' dir='ltr'>dominio</span> <span class='ocrx_word' id='word_1_285' title='bbox 932 4226 968 4273; x_wconf 88' lang='lat' dir='ltr'>se</span> <span class='ocrx_word' id='word_1_286' title='bbox 984 4225 1049 4272; x_wconf 92' lang='lat' dir='ltr'>non</span> <span class='ocrx_word' id='word_1_287' title='bbox 1066 4208 1279 4288; x_wconf 82' lang='lat' dir='ltr'>subjicerent,</span> <span class='ocrx_word' id='word_1_288' title='bbox 1297 4223 1465 4286; x_wconf 86' lang='lat' dir='ltr'>quousque</span> 
     </span>
     <span class='ocr_line' id='line_1_38' title="bbox 276 4309 1464 4395; baseline -0.004 -18"><span class='ocrx_word' id='word_1_289' title='bbox 276 4331 379 4378; x_wconf 86' lang='lat' dir='ltr'>causa</span> <span class='ocrx_word' id='word_1_290' title='bbox 404 4326 576 4395; x_wconf 83' lang='lat' dir='ltr'>praetacta</span> <span class='ocrx_word' id='word_1_291' title='bbox 600 4313 696 4379; x_wconf 88' lang='lat' dir='ltr'>finem</span> <span class='ocrx_word' id='word_1_292' title='bbox 722 4315 889 4378; x_wconf 86' lang='lat' dir='ltr'>intereos</span> <span class='ocrx_word' id='word_1_293' title='bbox 914 4313 1059 4377; x_wconf 86' lang='lat' dir='ltr'>debitum</span> <span class='ocrx_word' id='word_1_294' title='bbox 1078 4312 1264 4377; x_wconf 86' lang='lat' dir='ltr'>sortiretur.</span> <span class='ocrx_word' id='word_1_295' title='bbox 1289 4310 1360 4393; x_wconf 79' lang='lat' dir='ltr'>Quo</span> <span class='ocrx_word' id='word_1_296' title='bbox 1377 4309 1464 4375; x_wconf 83' lang='lat' dir='ltr'>sacto</span> 
     </span>
    </p>
   </div>
   <div class='ocr_carea' id='block_1_3' title="bbox 0 0 1642 5009">
    <p class='ocr_par' dir='ltr' id='par_1_7' title="bbox 0 0 1642 5009">
     <span class='ocr_line' id='line_1_39' title="bbox 0 0 1642 5009; baseline 0 0"><span class='ocrx_word' id='word_1_297' title='bbox 0 0 1642 5009; x_wconf 95' lang='lat' dir='ltr'> </span> 
     </span>
    </p>
   </div>
  </div>
 </body>
</html>
