3275 5009
811 331 976 386 Sententiae

397 539 470 605 173.
492 539 542 602 De
566 537 684 603 deditio
704 540 803 604 dictio
822 539 1028 624 „triotqelt“.
1053 541 1134 606 VIro
1150 545 1279 608 mortuo
1295 557 1361 604 non
1376 541 1483 620 potest
1600 547 1601 572 ¹

292 642 454 726 pincerna
472 644 624 711 obtinere
637 647 829 729 juramento
850 645 998 712 debitum
1018 646 1144 712 dictum
1159 643 1372 727 trInkgeIt‚
1389 659 1484 724 super

293 765 431 814 uxorem
452 755 640 832 negantem,
663 749 729 816 nisi
751 749 908 816 fortassis
932 768 1014 816 uxor
1037 768 1108 816 cum
1141 747 1212 816 viro
1241 747 1379 814 vivente
1403 745 1485 812 idem

294 853 443 918 debitum
465 853 691 934 personaliter
720 854 888 922 debiberit
918 855 953 921 in
984 857 1142 936 taberna3
1174 858 1209 918 et
1238 852 1308 918 tale
1331 852 1486 934 debitum,

294 958 382 1036 quod
406 957 554 1024 debitum
578 963 630 1024 est
653 958 689 1024 In
711 962 855 1025 taberna
878 961 968 1026 intra
995 977 1106 1026 muros
1137 957 1298 1039 civitatis,
1324 974 1387 1038 per
1418 956 1487 1038 pln-
1599 1033 1600 1047 χ

295 1078 430 1128 cernam
448 1063 638 1144 juramento
662 1068 777 1146 potest
800 1063 947 1130 obtineri
971 1067 1006 1130 et
1020 1064 1125 1130 solum
1142 1061 1175 1127 iu
1188 1061 1314 1146 Judioio
1330 1059 1489 1141 civitatis,
1599 1105 1601 1154 ,

295 1171 331 1230 et
353 1183 418 1232 nou
440 1166 474 1231 in
498 1164 574 1248 alio,
597 1172 836 1247 praeterquam
858 1167 893 1232 in
916 1167 982 1250 illo,
999 1167 1033 1232 in
1049 1186 1114 1248 quo
1131 1166 1279 1232 debitum
1294 1169 1357 1230 est.
1379 1164 1489 1230 Debet
1599 1161 1600 1246 ζ

293 1268 396 1335 etiam
419 1269 580 1351 pincerna
602 1271 671 1337 tale
696 1272 844 1338 debitum
868 1271 1029 1354 othnere,
1052 1270 1169 1337 volens
1186 1287 1261 1336 esse
1278 1270 1343 1335 fide
1360 1269 1489 1352 dignus
1599 1277 1600 1292 *

294 1378 330 1440 et
353 1393 419 1439 oon
441 1382 629 1456 suspectus,
646 1375 696 1440 ita
713 1379 801 1456 quod
812 1376 921 1460 jnrati
934 1377 1087 1461 judicent
1103 1393 1176 1441 eum
1193 1376 1347 1441 idoneum
1361 1375 1406 1439 ad
1421 1374 1488 1440 tale
1599 1349 1600 1436 ἶ

294 1479 444 1544 debitum
473 1479 698 1546 obtinendum.
727 1481 826 1547 Unde
853 1480 1081 1548 necessarium
1105 1483 1167 1562 est,
1190 1479 1277 1560 qnod
1300 1478 1346 1546 sIt
1369 1479 1488 1560 hospes

296 1584 411 1648 domus
434 1583 486 1649 vel
511 1584 661 1650 dominus
687 1592 793 1667 potus,
818 1590 852 1650 et
876 1603 942 1651 non
970 1602 1075 1669 ganeo
1108 1585 1163 1652 vel
1190 1601 1295 1666 caupo
1318 1581 1488 1648 manualis.
1596 1599 1600 1630 ¹

296 1686 454 1753 Debitum
478 1693 599 1770 eutem,
622 1691 710 1768 quod
733 1689 858 1754 dicitur
881 1707 896 1754 s
904 1687 1078 1772 pilgelt,
1100 1705 1162 1754 nec
1192 1689 1235 1753 ad
1253 1686 1415 1771 judIcium
1438 1692 1489 1751 est

295 1793 490 1876 ducendum,
513 1804 582 1858 nec'
598 1811 658 1874 pro
681 1794 754 1875 ipso
778 1799 832 1859 est
855 1793 1136 1873 conquerentibus
1162 1789 1297 1876 justitia
1325 1789 1487 1871 facienda,
1603 1791 1604 1802 ’

296 1896 385 1962 sicut
407 1897 509 1962 habet
532 1899 736 1962 consuetodo
760 1897 936 1963 civitatum
960 1896 1147 1976 antiquitus
1170 1897 1365 1977 approbata.
1599 1989 1600 1998 ἵ

397 2036 469 2101 174.
502 2037 553 2100 De
587 2035 705 2100 deditis
739 2037 837 2100 dictis
872 2035 1026 2120 „bullont
1061 2035 1212 2104 Servitor
1247 2043 1282 2102 et
1316 2035 1487 2115 operarius
1599 2017 1600 2046 *

297 2148 491 2224 conventus,
525 2140 582 2220 qui
615 2142 868 2208 conventionem
904 2142 1133 2207 demonstrare
1163 2144 1276 2220 potest
1308 2145 1343 2204 et
1374 2143 1425 2202 est
1449 2137 1487 2202 de
1599 2147 1604 2156 ⁶

295 2242 420 2333 familia
444 2245 630 2311 cottidiana
652 2245 793 2328 alicoJus
813 2245 937 2312 domini
952 2252 987 2311 et
1003 2245 1152 2311 vescitur
1167 2247 1240 2327 ejus
1254 2261 1353 2326 pane,
1377 2248 1487 2324 potest

296 2348 440 2429 pretium
468 2349 617 2413 debiturn
648 2350 771 2415 dictum
803 2349 943 2415 lidlon
974 2349 1127 2416 obtinere
1150 2347 1292 2414 termido
1321 2344 1488 2412 servIendi

292 2453 360 2535 jam
383 2458 564 2550 transacto.
587 2452 673 2518 Item
697 2471 769 2520 cum
794 2453 954 2519 Dominus
982 2453 1130 2519 dicatio
1154 2451 1347 2534 evangelio:
1379 2450 1487 2534 „Opus
1596 2489 1600 2507 ι

264 2555 491 2621 'mercenarii
524 2575 589 2621 non
622 2562 756 2622 maneat
789 2559 876 2638 apud
911 2567 946 2623 te
982 2575 1089 2637 usque
1119 2557 1247 2638 mane“‚
1284 2555 1313 2620 si
1349 2554 1488 2619 moritur
1599 2617 1600 2650 ᾖ

293 2668 392 2741 pater
407 2659 550 2725 familias
568 2663 692 2743 domus,
714 2663 754 2726 de
770 2662 875 2742 bonis,
892 2679 975 2741 quae
992 2661 1162 2743 relinquit,
1178 2660 1286 2729 servis
1303 2663 1339 2725 et
1355 2657 1486 2724 ancillis

293 2771 373 2830 ante
396 2765 464 2830 alia
483 2765 597 2831 debita
613 2765 766 2848 pretium,
782 2768 869 2845 quod
887 2767 1075 2848 vulgariter
1090 2766 1215 2833 dicitur
1232 2763 1386 2847 „lidlon“,
1403 2763 1488 2842 quod
1596 2821 1599 2843 ,,

293 2872 488 2935 meruerunt
510 2887 615 2949 osque
638 2871 680 2934 ad
704 2874 835 2951 tempus
859 2871 975 2936 mortis
999 2870 1131 2953 domini,
1155 2869 1228 2936 dari
1243 2871 1352 2935 debet.
1377 2867 1444 2934 Sed
1460 2867 1490 2932 si
1594 2864 1600 2945 ξ

293 2992 504 3054 possessores
539 2978 698 3040 bonorum
732 2975 854 3040 mortui
886 2978 1017 3042 eosdem
1049 2993 1164 3041 servos
1195 2981 1231 3039 et
1252 2973 1398 3040 ancillas
1428 2987 1490 3037 seu
1596 2963 1600 2998 ⁷

293 3076 452 3142 famliiam
474 3081 590 3144 domus
614 3098 721 3159 usque
744 3082 787 3145 ad
810 3085 941 3161 tempus
969 3080 1003 3144 in
1027 3076 1247 3144 conventione
1279 3072 1410 3143 servitii
1439 3076 1489 3142 eis

295 3183 477 3261 praefixum
501 3188 619 3249 tenere
641 3185 819 3266 voluerint,
843 3185 1002 3264 servient,
1025 3183 1059 3248 in
1078 3181 1144 3248 fine
1160 3181 1320 3262 temporis
1344 3180 1489 3262 pretium

293 3303 386 3351 suum
407 3285 621 3370 integraliter
637 3288 825 3370 recepturi,
848 3293 877 3354 si
894 3307 973 3356 vero
989 3289 1080 3369 ipsos
1095 3285 1347 3352 licentiaverint
1363 3291 1398 3350 et
1413 3285 1489 3365 plus

294 3390 335 3454 de
369 3391 488 3471 pretio,
521 3410 617 3470 quam
653 3410 757 3471 usqne
795 3394 838 3456 ad
876 3392 960 3458 diem
1001 3390 1116 3457 mortis
1153 3389 1276 3456 domini
1314 3388 1488 3472 percipere
1599 3423 1604 3492 ,r

294 3493 479 3574 debuerint,
507 3495 555 3560 eis
586 3495 698 3574 cessit,
728 3496 791 3561 hoo
822 3498 1003 3563 restituere
1039 3514 1104 3562 non
1137 3500 1304 3561 tenentur.
1338 3493 1426 3560 Item
1460 3493 1488 3559 si

293 3595 418 3662 familia
453 3603 618 3664 conventa
651 3600 715 3666 fuit
749 3619 809 3682 per
846 3601 1050 3683 septimanas
1097 3600 1152 3666 vel
1190 3619 1250 3681 per
1282 3615 1423 3681 menses,
1453 3605 1487 3664 et

292 3701 443 3780 quamdiu
468 3702 634 3785 servierit,
668 3703 851 3787 dubitatur,
886 3713 1045 3784 quantum
1080 3704 1239 3785 temporis
1269 3702 1396 3768 iamilia
1426 3719 1485 3767 suo

289 3805 479 3888 juramento
502 3806 719 3890 confirmabit,
741 3813 873 3874 tantum
893 3810 934 3874 de
949 3807 1059 3889 pretio
1076 3807 1182 3873 tollet.
1206 3807 1242 3873 Si
1257 3811 1369 3872 autom
1385 3821 1485 3887 super

293 3909 436 3991 gratiam
460 3911 611 3992 servivit,
643 3912 894 3978 contentabitur
916 3913 951 3977 in
975 3931 1023 3993 eo,
1054 3913 1141 3991 quod
1170 3913 1211 3977 de
1241 3909 1354 3995 gratia
1383 3909 1486 3976 fuerit

294 4012 358 4078 sibi
388 4014 524 4079 datum
543 4014 629 4080 Item
662 4015 692 4081 si
724 4016 850 4082 familia
884 4016 971 4082 inira
1004 4023 1136 4098 tempus
1171 4015 1303 4082 servitii
1336 4016 1487 4096 moritur,

292 4123 453 4197 quantum
490 4135 594 4196 usque
627 4122 669 4184 ad
704 4121 790 4185 diem
820 4121 935 4187 mortis
967 4120 1162 4202 deservivit,
1191 4124 1320 4186 tantum
1351 4120 1401 4186 illi
1432 4119 1486 4200 qui

291 4222 364 4287 loco
388 4221 458 4302 ejus
490 4221 632 4303 pretinm
663 4226 797 4306 repetit,
831 4226 966 4291 dabitur
999 4226 1071 4306 ipso
1103 4227 1187 4308 jure.
1220 4225 1307 4290 Item
1341 4225 1486 4306 pretium

292 4328 417 4391 dictum
453 4327 594 4407 „lidlon“
630 4329 835 4409 judicialiter
870 4332 1042 4396 obtentum
1080 4337 1133 4396 est
1167 4331 1282 4396 eodem
1325 4329 1379 4394 die
1417 4329 1484 4396 sole
