<?xml version="1.0" encoding="UTF-8"?>
<!DOCTYPE html PUBLIC "-//W3C//DTD XHTML 1.0 Transitional//EN"
    "http://www.w3.org/TR/xhtml1/DTD/xhtml1-transitional.dtd">
<html xmlns="http://www.w3.org/1999/xhtml" xml:lang="en" lang="en">
 <head>
  <title>
</title>
<meta http-equiv="Content-Type" content="text/html;charset=utf-8" />
  <meta name='ocr-system' content='tesseract 3.04.00' />
  <meta name='ocr-capabilities' content='ocr_page ocr_carea ocr_par ocr_line ocrx_word'/>
</head>
<body>
  <div class='ocr_page' id='page_1' title='image "./codexjurisbohem00unkngoog_0138.png"; bbox 0 0 3275 5009; ppageno 0'>
   <div class='ocr_carea' id='block_1_1' title="bbox 305 405 983 460">
    <p class='ocr_par' dir='ltr' id='par_1_1' title="bbox 305 405 983 460">
     <span class='ocr_line' id='line_1_1' title="bbox 305 405 983 460; baseline 0.003 -2"><span class='ocrx_word' id='word_1_1' title='bbox 305 405 357 458; x_wconf 74' lang='lat'>122</span> <span class='ocrx_word' id='word_1_2' title='bbox 819 406 983 460; x_wconf 81' lang='lat' dir='ltr'>Sententiae</span> 
     </span>
    </p>
   </div>
   <div class='ocr_carea' id='block_1_2' title="bbox 300 613 1587 1012">
    <p class='ocr_par' dir='ltr' id='par_1_2' title="bbox 300 613 1587 910">
     <span class='ocr_line' id='line_1_2' title="bbox 382 613 1587 702; baseline 0.004 -24"><span class='ocrx_word' id='word_1_3' title='bbox 382 645 385 650; x_wconf 91' lang='lat'><strong>·</strong></span> <span class='ocrx_word' id='word_1_4' title='bbox 411 613 483 681; x_wconf 80' lang='lat'>251.</span> <span class='ocrx_word' id='word_1_5' title='bbox 506 613 554 677; x_wconf 86' lang='lat' dir='ltr'>Do</span> <span class='ocrx_word' id='word_1_6' title='bbox 577 615 707 678; x_wconf 82' lang='lat' dir='ltr'>emenda</span> <span class='ocrx_word' id='word_1_7' title='bbox 724 616 927 698; x_wconf 76' lang='lat' dir='ltr'><em>perditionis</em></span> <span class='ocrx_word' id='word_1_8' title='bbox 945 615 1113 702; x_wconf 74' lang='lat' dir='ltr'>‚,lroluo9“.</span> <span class='ocrx_word' id='word_1_9' title='bbox 1129 615 1279 683; x_wconf 82' lang='lat' dir='ltr'>Emenda</span> <span class='ocrx_word' id='word_1_10' title='bbox 1300 617 1483 701; x_wconf 80' lang='lat' dir='ltr'>perditionis</span> <span class='ocrx_word' id='word_1_11' title='bbox 1582 623 1587 659; x_wconf 71' lang='grc'>·’</span> 
     </span>
     <span class='ocr_line' id='line_1_3' title="bbox 306 719 1484 806; baseline 0.001 -22"><span class='ocrx_word' id='word_1_12' title='bbox 306 720 467 802; x_wconf 80' lang='lat' dir='ltr'>„holung“</span> <span class='ocrx_word' id='word_1_13' title='bbox 506 722 585 785; x_wconf 89' lang='lat' dir='ltr'>sunt</span> <span class='ocrx_word' id='word_1_14' title='bbox 614 719 685 785; x_wconf 92' lang='lat' dir='ltr'>XII</span> <span class='ocrx_word' id='word_1_15' title='bbox 713 720 820 804; x_wconf 87' lang='lat' dir='ltr'>parvi,</span> <span class='ocrx_word' id='word_1_16' title='bbox 854 721 910 801; x_wconf 90' lang='lat' dir='ltr'>qui</span> <span class='ocrx_word' id='word_1_17' title='bbox 940 719 1069 788; x_wconf 83' lang='lat' dir='ltr'>iaciunt</span> <span class='ocrx_word' id='word_1_18' title='bbox 1099 739 1249 803; x_wconf 83' lang='lat' dir='ltr'>grossum</span> <span class='ocrx_word' id='word_1_19' title='bbox 1288 722 1484 806; x_wconf 85' lang='lat' dir='ltr'>Pragensem.</span> 
     </span>
     <span class='ocr_line' id='line_1_4' title="bbox 300 823 1585 910; baseline -0.001 -19"><span class='ocrx_word' id='word_1_20' title='bbox 300 824 375 891; x_wconf 91' lang='lat' dir='ltr'>Ista</span> <span class='ocrx_word' id='word_1_21' title='bbox 387 830 440 890; x_wconf 90' lang='lat' dir='ltr'>est</span> <span class='ocrx_word' id='word_1_22' title='bbox 455 826 594 890; x_wconf 92' lang='lat' dir='ltr'>emenda</span> <span class='ocrx_word' id='word_1_23' title='bbox 605 825 740 891; x_wconf 88' lang='lat' dir='ltr'>minima</span> <span class='ocrx_word' id='word_1_24' title='bbox 751 823 932 909; x_wconf 88' lang='lat' dir='ltr'>judicialis,</span> <span class='ocrx_word' id='word_1_25' title='bbox 948 825 1243 910; x_wconf 84' lang='lat' dir='ltr'>exceptisjudiciis</span> <span class='ocrx_word' id='word_1_26' title='bbox 1257 825 1483 908; x_wconf 85' lang='lat' dir='ltr'>peremptoriis,</span> <span class='ocrx_word' id='word_1_27' title='bbox 1579 858 1585 869; x_wconf 94' lang='lat'>·</span> 
     </span>
    </p>

    <p class='ocr_par' dir='ltr' id='par_1_3' title="bbox 302 928 1155 1012">
     <span class='ocr_line' id='line_1_5' title="bbox 302 928 1155 1012; baseline 0.002 -18"><span class='ocrx_word' id='word_1_28' title='bbox 302 928 360 994; x_wconf 91' lang='lat' dir='ltr'>ubi</span> <span class='ocrx_word' id='word_1_29' title='bbox 378 929 603 1012; x_wconf 79' lang='lat' dir='ltr'>Juramentnm</span> <span class='ocrx_word' id='word_1_30' title='bbox 626 931 822 1005; x_wconf 86' lang='lat' dir='ltr'>emendatur</span> <span class='ocrx_word' id='word_1_31' title='bbox 845 947 918 996; x_wconf 91' lang='lat' dir='ltr'>cum</span> <span class='ocrx_word' id='word_1_32' title='bbox 942 929 1005 995; x_wconf 83' lang='lat' dir='ltr'>LX</span> <span class='ocrx_word' id='word_1_33' title='bbox 1028 929 1155 1012; x_wconf 91' lang='lat' dir='ltr'>parvis.</span> 
     </span>
    </p>
   </div>
   <div class='ocr_carea' id='block_1_3' title="bbox 409 1083 1485 1170">
    <p class='ocr_par' dir='ltr' id='par_1_4' title="bbox 409 1083 1485 1170">
     <span class='ocr_line' id='line_1_6' title="bbox 409 1083 1485 1170; baseline 0.001 -21"><span class='ocrx_word' id='word_1_34' title='bbox 409 1087 483 1153; x_wconf 77' lang='lat'><strong><em>252.</em></strong></span> <span class='ocrx_word' id='word_1_35' title='bbox 516 1085 566 1148; x_wconf 91' lang='lat' dir='ltr'>De</span> <span class='ocrx_word' id='word_1_36' title='bbox 592 1084 725 1149; x_wconf 82' lang='lat' dir='ltr'>emendo</span> <span class='ocrx_word' id='word_1_37' title='bbox 753 1085 917 1148; x_wconf 81' lang='lat' dir='ltr'>mendacii</span> <span class='ocrx_word' id='word_1_38' title='bbox 944 1094 974 1148; x_wconf 84' lang='lat' dir='ltr'>et</span> <span class='ocrx_word' id='word_1_39' title='bbox 1001 1083 1223 1168; x_wconf 83' lang='lat' dir='ltr'>depilatioois.</span> <span class='ocrx_word' id='word_1_40' title='bbox 1258 1085 1322 1170; x_wconf 81' lang='lat' dir='ltr'>Qui</span> <span class='ocrx_word' id='word_1_41' title='bbox 1353 1087 1485 1170; x_wconf 82' lang='lat' dir='ltr'>juratum</span> 
     </span>
    </p>
   </div>
   <div class='ocr_carea' id='block_1_4' title="bbox 305 1185 1585 1275">
    <p class='ocr_par' dir='ltr' id='par_1_5' title="bbox 305 1185 1585 1275">
     <span class='ocr_line' id='line_1_7' title="bbox 305 1185 1585 1275; baseline -0.002 -19"><span class='ocrx_word' id='word_1_42' title='bbox 305 1190 439 1256; x_wconf 88' lang='lat' dir='ltr'>mentiri</span> <span class='ocrx_word' id='word_1_43' title='bbox 459 1189 592 1272; x_wconf 80' lang='lat' dir='ltr'><em>dixerit,</em></span> <span class='ocrx_word' id='word_1_44' title='bbox 608 1207 706 1270; x_wconf 88' lang='lat' dir='ltr'>quam</span> <span class='ocrx_word' id='word_1_45' title='bbox 722 1188 815 1271; x_wconf 89' lang='lat' dir='ltr'>prius</span> <span class='ocrx_word' id='word_1_46' title='bbox 832 1185 975 1256; x_wconf 80' lang='lat' dir='ltr'>officium</span> <span class='ocrx_word' id='word_1_47' title='bbox 988 1191 1094 1275; x_wconf 88' lang='lat' dir='ltr'>jurati</span> <span class='ocrx_word' id='word_1_48' title='bbox 1117 1190 1245 1273; x_wconf 84' lang='lat' dir='ltr'>habuit,</span> <span class='ocrx_word' id='word_1_49' title='bbox 1268 1195 1304 1256; x_wconf 90' lang='lat' dir='ltr'>et</span> <span class='ocrx_word' id='word_1_50' title='bbox 1328 1207 1485 1272; x_wconf 78' lang='lat' dir='ltr'>preconem</span> <span class='ocrx_word' id='word_1_51' title='bbox 1584 1257 1585 1264; x_wconf 41' lang='lat'>,</span> 
     </span>
    </p>
   </div>
   <div class='ocr_carea' id='block_1_5' title="bbox 305 1292 1485 1584">
    <p class='ocr_par' dir='ltr' id='par_1_6' title="bbox 305 1292 1485 1584">
     <span class='ocr_line' id='line_1_8' title="bbox 305 1292 1485 1377; baseline -0.004 -16"><span class='ocrx_word' id='word_1_52' title='bbox 305 1313 365 1361; x_wconf 91' lang='lat' dir='ltr'>seu</span> <span class='ocrx_word' id='word_1_53' title='bbox 380 1293 533 1360; x_wconf 91' lang='lat' dir='ltr'>nuntium</span> <span class='ocrx_word' id='word_1_54' title='bbox 550 1293 706 1377; x_wconf 79' lang='lat' dir='ltr'>ejuratis</span> <span class='ocrx_word' id='word_1_55' title='bbox 723 1292 859 1358; x_wconf 88' lang='lat' dir='ltr'>missurn</span> <span class='ocrx_word' id='word_1_56' title='bbox 875 1312 935 1373; x_wconf 90' lang='lat' dir='ltr'>pro</span> <span class='ocrx_word' id='word_1_57' title='bbox 952 1293 1091 1376; x_wconf 84' lang='lat' dir='ltr'>pignore</span> <span class='ocrx_word' id='word_1_58' title='bbox 1108 1297 1151 1360; x_wconf 91' lang='lat' dir='ltr'>ad</span> <span class='ocrx_word' id='word_1_59' title='bbox 1166 1294 1272 1377; x_wconf 91' lang='lat' dir='ltr'>ipsum</span> <span class='ocrx_word' id='word_1_60' title='bbox 1300 1293 1485 1374; x_wconf 89' lang='lat' dir='ltr'>depilaverit</span> 
     </span>
     <span class='ocr_line' id='line_1_9' title="bbox 305 1397 1485 1480; baseline -0.004 -15"><span class='ocrx_word' id='word_1_61' title='bbox 305 1417 364 1465; x_wconf 89' lang='lat' dir='ltr'>seu</span> <span class='ocrx_word' id='word_1_62' title='bbox 380 1398 627 1466; x_wconf 80' lang='lat' dir='ltr'>verberaverit:</span> <span class='ocrx_word' id='word_1_63' title='bbox 643 1397 672 1462; x_wconf 92' lang='lat' dir='ltr'>is</span> <span class='ocrx_word' id='word_1_64' title='bbox 689 1399 840 1479; x_wconf 86' lang='lat' dir='ltr'>placatos</span> <span class='ocrx_word' id='word_1_65' title='bbox 856 1401 969 1464; x_wconf 90' lang='lat' dir='ltr'>ambos</span> <span class='ocrx_word' id='word_1_66' title='bbox 986 1399 1125 1466; x_wconf 90' lang='lat' dir='ltr'>habebit</span> <span class='ocrx_word' id='word_1_67' title='bbox 1139 1403 1174 1464; x_wconf 92' lang='lat' dir='ltr'>et</span> <span class='ocrx_word' id='word_1_68' title='bbox 1190 1403 1329 1480; x_wconf 92' lang='lat' dir='ltr'>propter</span> <span class='ocrx_word' id='word_1_69' title='bbox 1343 1413 1485 1464; x_wconf 85' lang='lat' dir='ltr'>excessus</span> 
     </span>
     <span class='ocr_line' id='line_1_10' title="bbox 305 1501 1372 1584; baseline 0 -17"><span class='ocrx_word' id='word_1_70' title='bbox 305 1504 392 1569; x_wconf 87' lang='lat' dir='ltr'>tales</span> <span class='ocrx_word' id='word_1_71' title='bbox 416 1503 525 1579; x_wconf 89' lang='lat' dir='ltr'>solvet</span> <span class='ocrx_word' id='word_1_72' title='bbox 548 1502 720 1567; x_wconf 91' lang='lat' dir='ltr'>emendam</span> <span class='ocrx_word' id='word_1_73' title='bbox 742 1501 776 1567; x_wconf 91' lang='lat' dir='ltr'>X</span> <span class='ocrx_word' id='word_1_74' title='bbox 798 1503 928 1568; x_wconf 89' lang='lat' dir='ltr'>talenta</span> <span class='ocrx_word' id='word_1_75' title='bbox 953 1502 1165 1568; x_wconf 87' lang='lat' dir='ltr'>denariorum</span> <span class='ocrx_word' id='word_1_76' title='bbox 1188 1520 1372 1584; x_wconf 89' lang='lat' dir='ltr'>parvorum.</span> 
     </span>
    </p>
   </div>
   <div class='ocr_carea' id='block_1_6' title="bbox 304 1658 1583 2159">
    <p class='ocr_par' dir='ltr' id='par_1_7' title="bbox 304 1658 1583 2159">
     <span class='ocr_line' id='line_1_11' title="bbox 410 1658 1485 1746; baseline -0.005 -21"><span class='ocrx_word' id='word_1_77' title='bbox 410 1661 633 1746; x_wconf 60' lang='lat' dir='ltr'>asa-moa)</span> <span class='ocrx_word' id='word_1_78' title='bbox 667 1658 718 1721; x_wconf 88' lang='lat' dir='ltr'>De</span> <span class='ocrx_word' id='word_1_79' title='bbox 751 1659 891 1724; x_wconf 78' lang='lat' dir='ltr'>emendis</span> <span class='ocrx_word' id='word_1_80' title='bbox 918 1663 1188 1744; x_wconf 78' lang='lat' dir='ltr'>juramentorum.</span> <span class='ocrx_word' id='word_1_81' title='bbox 1222 1659 1258 1726; x_wconf 82' lang='lat' dir='ltr'>si</span> <span class='ocrx_word' id='word_1_82' title='bbox 1288 1661 1404 1743; x_wconf 88' lang='lat' dir='ltr'>jurans</span> <span class='ocrx_word' id='word_1_83' title='bbox 1435 1674 1485 1738; x_wconf 89' lang='lat' dir='ltr'>pro</span> 
     </span>
     <span class='ocr_line' id='line_1_12' title="bbox 305 1759 1484 1847; baseline -0.006 -17"><span class='ocrx_word' id='word_1_84' title='bbox 305 1783 372 1830; x_wconf 86' lang='lat' dir='ltr'>nna</span> <span class='ocrx_word' id='word_1_85' title='bbox 395 1782 521 1831; x_wconf 89' lang='lat' dir='ltr'>summa</span> <span class='ocrx_word' id='word_1_86' title='bbox 543 1763 705 1846; x_wconf 91' lang='lat' dir='ltr'>pecuniae</span> <span class='ocrx_word' id='word_1_87' title='bbox 727 1762 795 1828; x_wconf 89' lang='lat' dir='ltr'>tria</span> <span class='ocrx_word' id='word_1_88' title='bbox 814 1765 1005 1847; x_wconf 78' lang='lat' dir='ltr'>Juramenta</span> <span class='ocrx_word' id='word_1_89' title='bbox 1028 1762 1110 1829; x_wconf 85' lang='lat' dir='ltr'>facit</span> <span class='ocrx_word' id='word_1_90' title='bbox 1145 1769 1180 1829; x_wconf 94' lang='lat' dir='ltr'>et</span> <span class='ocrx_word' id='word_1_91' title='bbox 1213 1764 1249 1829; x_wconf 91' lang='lat' dir='ltr'>in</span> <span class='ocrx_word' id='word_1_92' title='bbox 1274 1783 1339 1830; x_wconf 92' lang='lat' dir='ltr'>uno</span> <span class='ocrx_word' id='word_1_93' title='bbox 1367 1759 1484 1842; x_wconf 90' lang='lat' dir='ltr'>cecidit,</span> 
     </span>
     <span class='ocr_line' id='line_1_13' title="bbox 305 1865 1583 1953; baseline -0.005 -18"><span class='ocrx_word' id='word_1_94' title='bbox 305 1869 340 1935; x_wconf 93' lang='lat' dir='ltr'>in</span> <span class='ocrx_word' id='word_1_95' title='bbox 363 1867 514 1934; x_wconf 91' lang='lat' dir='ltr'>omnibus</span> <span class='ocrx_word' id='word_1_96' title='bbox 537 1867 646 1934; x_wconf 89' lang='lat' dir='ltr'>tribus</span> <span class='ocrx_word' id='word_1_97' title='bbox 667 1867 841 1950; x_wconf 69' lang='lat' dir='ltr'>judicatur</span> <span class='ocrx_word' id='word_1_98' title='bbox 865 1867 1044 1947; x_wconf 89' lang='lat' dir='ltr'>cecidisse;</span> <span class='ocrx_word' id='word_1_99' title='bbox 1066 1873 1101 1933; x_wconf 92' lang='lat' dir='ltr'>et</span> <span class='ocrx_word' id='word_1_100' title='bbox 1124 1869 1153 1934; x_wconf 91' lang='lat' dir='ltr'>si</span> <span class='ocrx_word' id='word_1_101' title='bbox 1172 1868 1333 1953; x_wconf 87' lang='lat' dir='ltr'>judicium</span> <span class='ocrx_word' id='word_1_102' title='bbox 1353 1865 1485 1933; x_wconf 83' lang='lat' dir='ltr'>nonfuit</span> <span class='ocrx_word' id='word_1_103' title='bbox 1582 1930 1583 1940; x_wconf 57' lang='grc'>,</span> 
     </span>
     <span class='ocr_line' id='line_1_14' title="bbox 305 1957 1583 2054; baseline -0.002 -16"><span class='ocrx_word' id='word_1_104' title='bbox 305 1972 572 2053; x_wconf 88' lang='lat' dir='ltr'>peremptorium,</span> <span class='ocrx_word' id='word_1_105' title='bbox 595 1971 705 2037; x_wconf 90' lang='lat' dir='ltr'>solvet</span> <span class='ocrx_word' id='word_1_106' title='bbox 723 1969 831 2052; x_wconf 87' lang='lat' dir='ltr'>judici</span> <span class='ocrx_word' id='word_1_107' title='bbox 854 1989 1006 2054; x_wconf 82' lang='lat' dir='ltr'>grossum</span> <span class='ocrx_word' id='word_1_108' title='bbox 1031 1990 1091 2053; x_wconf 92' lang='lat' dir='ltr'>pro</span> <span class='ocrx_word' id='word_1_109' title='bbox 1116 1973 1261 2039; x_wconf 88' lang='lat' dir='ltr'>emenda.</span> <span class='ocrx_word' id='word_1_110' title='bbox 1285 1972 1372 2037; x_wconf 90' lang='lat' dir='ltr'>Item</span> <span class='ocrx_word' id='word_1_111' title='bbox 1388 1972 1416 2036; x_wconf 89' lang='lat' dir='ltr'>si</span> <span class='ocrx_word' id='word_1_112' title='bbox 1436 1989 1485 2052; x_wconf 91' lang='lat' dir='ltr'>pro</span> <span class='ocrx_word' id='word_1_113' title='bbox 1582 1957 1583 1968; x_wconf 16' lang='grc' dir='ltr'><strong>ἶ</strong></span> 
     </span>
     <span class='ocr_line' id='line_1_15' title="bbox 304 2074 1486 2159; baseline -0.004 -17"><span class='ocrx_word' id='word_1_114' title='bbox 304 2077 414 2142; x_wconf 88' lang='lat' dir='ltr'>tribus</span> <span class='ocrx_word' id='word_1_115' title='bbox 451 2075 586 2141; x_wconf 88' lang='lat' dir='ltr'>summis</span> <span class='ocrx_word' id='word_1_116' title='bbox 624 2074 840 2158; x_wconf 77' lang='lat' dir='ltr'>pecuniarum</span> <span class='ocrx_word' id='word_1_117' title='bbox 877 2075 945 2141; x_wconf 92' lang='lat' dir='ltr'>tria</span> <span class='ocrx_word' id='word_1_118' title='bbox 982 2076 1172 2159; x_wconf 86' lang='lat' dir='ltr'>juramenta</span> <span class='ocrx_word' id='word_1_119' title='bbox 1209 2075 1292 2141; x_wconf 86' lang='lat' dir='ltr'>facit</span> <span class='ocrx_word' id='word_1_120' title='bbox 1329 2080 1365 2141; x_wconf 91' lang='lat' dir='ltr'>et</span> <span class='ocrx_word' id='word_1_121' title='bbox 1399 2091 1486 2141; x_wconf 88' lang='lat' dir='ltr'>unum</span> 
     </span>
    </p>
   </div>
   <div class='ocr_carea' id='block_1_7' title="bbox 306 2175 1583 2384">
    <p class='ocr_par' dir='ltr' id='par_1_8' title="bbox 306 2175 1583 2384">
     <span class='ocr_line' id='line_1_16' title="bbox 306 2175 1583 2262; baseline -0.004 -16"><span class='ocrx_word' id='word_1_122' title='bbox 306 2179 497 2262; x_wconf 80' lang='lat' dir='ltr'>corrumpit,</span> <span class='ocrx_word' id='word_1_123' title='bbox 530 2178 594 2244; x_wconf 90' lang='lat' dir='ltr'>nisi</span> <span class='ocrx_word' id='word_1_124' title='bbox 625 2198 685 2259; x_wconf 89' lang='lat' dir='ltr'>pro</span> <span class='ocrx_word' id='word_1_125' title='bbox 707 2196 772 2244; x_wconf 92' lang='lat' dir='ltr'>uuo</span> <span class='ocrx_word' id='word_1_126' title='bbox 795 2178 899 2244; x_wconf 91' lang='lat' dir='ltr'>solum</span> <span class='ocrx_word' id='word_1_127' title='bbox 935 2181 1104 2245; x_wconf 88' lang='lat' dir='ltr'>emendam</span> <span class='ocrx_word' id='word_1_128' title='bbox 1133 2179 1227 2245; x_wconf 89' lang='lat' dir='ltr'>dabit</span> <span class='ocrx_word' id='word_1_129' title='bbox 1254 2182 1485 2260; x_wconf 82' lang='lat' dir='ltr'>praenotatam.</span> <span class='ocrx_word' id='word_1_130' title='bbox 1582 2175 1583 2178; x_wconf 72' lang='grc'>’</span> 
     </span>
     <span class='ocr_line' id='line_1_17' title="bbox 408 2299 1583 2384; baseline 0.004 -19"><span class='ocrx_word' id='word_1_131' title='bbox 408 2301 505 2382; x_wconf 89' lang='lat' dir='ltr'>Item,</span> <span class='ocrx_word' id='word_1_132' title='bbox 528 2300 558 2365; x_wconf 90' lang='lat' dir='ltr'>si</span> <span class='ocrx_word' id='word_1_133' title='bbox 580 2299 771 2365; x_wconf 88' lang='lat' dir='ltr'>mettertius</span> <span class='ocrx_word' id='word_1_134' title='bbox 791 2300 906 2383; x_wconf 88' lang='lat' dir='ltr'>jurare</span> <span class='ocrx_word' id='word_1_135' title='bbox 929 2301 1056 2366; x_wconf 88' lang='lat' dir='ltr'>debens</span> <span class='ocrx_word' id='word_1_136' title='bbox 1082 2307 1118 2376; x_wconf 67' lang='lat' dir='ltr'>vet</span> <span class='ocrx_word' id='word_1_137' title='bbox 1144 2319 1230 2368; x_wconf 91' lang='lat' dir='ltr'>unus</span> <span class='ocrx_word' id='word_1_138' title='bbox 1257 2301 1291 2367; x_wconf 92' lang='lat' dir='ltr'>in</span> <span class='ocrx_word' id='word_1_139' title='bbox 1310 2300 1486 2384; x_wconf 89' lang='lat' dir='ltr'>juramento</span> <span class='ocrx_word' id='word_1_140' title='bbox 1582 2367 1583 2370; x_wconf 74' lang='grc'>,</span> 
     </span>
    </p>
   </div>
   <div class='ocr_carea' id='block_1_8' title="bbox 305 2404 1487 2591">
    <p class='ocr_par' dir='ltr' id='par_1_9' title="bbox 305 2404 1487 2591">
     <span class='ocr_line' id='line_1_18' title="bbox 305 2404 1487 2487; baseline -0.002 -17"><span class='ocrx_word' id='word_1_141' title='bbox 305 2405 430 2487; x_wconf 88' lang='lat' dir='ltr'>deviat,</span> <span class='ocrx_word' id='word_1_142' title='bbox 453 2409 583 2470; x_wconf 89' lang='lat' dir='ltr'>tantum</span> <span class='ocrx_word' id='word_1_143' title='bbox 606 2421 665 2484; x_wconf 93' lang='lat' dir='ltr'>pro</span> <span class='ocrx_word' id='word_1_144' title='bbox 687 2421 751 2469; x_wconf 92' lang='lat' dir='ltr'>uno</span> <span class='ocrx_word' id='word_1_145' title='bbox 775 2405 947 2469; x_wconf 88' lang='lat' dir='ltr'>emendam</span> <span class='ocrx_word' id='word_1_146' title='bbox 979 2404 1096 2487; x_wconf 88' lang='lat' dir='ltr'>solvet,</span> <span class='ocrx_word' id='word_1_147' title='bbox 1119 2404 1200 2470; x_wconf 86' lang='lat' dir='ltr'>licet</span> <span class='ocrx_word' id='word_1_148' title='bbox 1231 2410 1336 2470; x_wconf 89' lang='lat' dir='ltr'>totam</span> <span class='ocrx_word' id='word_1_149' title='bbox 1367 2422 1487 2470; x_wconf 87' lang='lat' dir='ltr'>causam</span> 
     </span>
     <span class='ocr_line' id='line_1_19' title="bbox 306 2507 650 2591; baseline -0.009 -15"><span class='ocrx_word' id='word_1_150' title='bbox 306 2511 427 2591; x_wconf 91' lang='lat' dir='ltr'>perdat</span> <span class='ocrx_word' id='word_1_151' title='bbox 450 2513 485 2573; x_wconf 93' lang='lat' dir='ltr'>et</span> <span class='ocrx_word' id='word_1_152' title='bbox 507 2507 650 2574; x_wconf 83' lang='lat' dir='ltr'>amittat.</span> 
     </span>
    </p>
   </div>
   <div class='ocr_carea' id='block_1_9' title="bbox 299 2629 1488 2921">
    <p class='ocr_par' dir='ltr' id='par_1_10' title="bbox 299 2629 1488 2921">
     <span class='ocr_line' id='line_1_20' title="bbox 406 2629 1488 2716; baseline -0.001 -22"><span class='ocrx_word' id='word_1_153' title='bbox 406 2630 502 2712; x_wconf 89' lang='lat' dir='ltr'>Item,</span> <span class='ocrx_word' id='word_1_154' title='bbox 524 2629 554 2695; x_wconf 89' lang='lat' dir='ltr'>si</span> <span class='ocrx_word' id='word_1_155' title='bbox 586 2632 770 2696; x_wconf 87' lang='lat' dir='ltr'>advocatus</span> <span class='ocrx_word' id='word_1_156' title='bbox 798 2648 860 2697; x_wconf 88' lang='lat' dir='ltr'>nec</span> <span class='ocrx_word' id='word_1_157' title='bbox 888 2632 969 2713; x_wconf 89' lang='lat' dir='ltr'>ipse,</span> <span class='ocrx_word' id='word_1_158' title='bbox 1000 2631 1057 2711; x_wconf 87' lang='lat' dir='ltr'>qui</span> <span class='ocrx_word' id='word_1_159' title='bbox 1085 2633 1200 2715; x_wconf 90' lang='lat' dir='ltr'>jurare</span> <span class='ocrx_word' id='word_1_160' title='bbox 1223 2634 1333 2716; x_wconf 90' lang='lat' dir='ltr'>debet,</span> <span class='ocrx_word' id='word_1_161' title='bbox 1361 2632 1488 2699; x_wconf 82' lang='lat' dir='ltr'>formam</span> 
     </span>
     <span class='ocr_line' id='line_1_21' title="bbox 299 2734 1488 2818; baseline -0.003 -17"><span class='ocrx_word' id='word_1_162' title='bbox 299 2734 482 2818; x_wconf 86' lang='lat' dir='ltr'>jnramenti</span> <span class='ocrx_word' id='word_1_163' title='bbox 498 2752 607 2799; x_wconf 91' lang='lat' dir='ltr'>coram</span> <span class='ocrx_word' id='word_1_164' title='bbox 619 2734 745 2817; x_wconf 86' lang='lat' dir='ltr'>judicio</span> <span class='ocrx_word' id='word_1_165' title='bbox 761 2753 826 2800; x_wconf 93' lang='lat' dir='ltr'>non</span> <span class='ocrx_word' id='word_1_166' title='bbox 843 2735 1049 2812; x_wconf 89' lang='lat' dir='ltr'>recitaverit,</span> <span class='ocrx_word' id='word_1_167' title='bbox 1063 2741 1200 2818; x_wconf 89' lang='lat' dir='ltr'>propter</span> <span class='ocrx_word' id='word_1_168' title='bbox 1211 2737 1273 2802; x_wconf 91' lang='lat' dir='ltr'>hoc</span> <span class='ocrx_word' id='word_1_169' title='bbox 1286 2755 1348 2803; x_wconf 92' lang='lat' dir='ltr'>nec</span> <span class='ocrx_word' id='word_1_170' title='bbox 1365 2751 1488 2802; x_wconf 85' lang='lat' dir='ltr'>causan</span> 
     </span>
     <span class='ocr_line' id='line_1_22' title="bbox 303 2819 1024 2921; baseline 0 -16"><span class='ocrx_word' id='word_1_171' title='bbox 303 2840 457 2921; x_wconf 90' lang='lat' dir='ltr'>perdunt,</span> <span class='ocrx_word' id='word_1_172' title='bbox 479 2856 542 2904; x_wconf 93' lang='lat' dir='ltr'>mec</span> <span class='ocrx_word' id='word_1_173' title='bbox 564 2839 608 2903; x_wconf 91' lang='lat' dir='ltr'>ad</span> <span class='ocrx_word' id='word_1_174' title='bbox 630 2840 800 2904; x_wconf 84' lang='lat' dir='ltr'>emendam</span> <span class='ocrx_word' id='word_1_175' title='bbox 825 2819 1024 2920; x_wconf 81' lang='lat' dir='ltr'>obligantur.</span> 
     </span>
    </p>
   </div>
   <div class='ocr_carea' id='block_1_10' title="bbox 305 2948 1585 3253">
    <p class='ocr_par' dir='ltr' id='par_1_11' title="bbox 305 2948 1585 3253">
     <span class='ocr_line' id='line_1_23' title="bbox 407 2948 1585 3046; baseline -0.004 -20"><span class='ocrx_word' id='word_1_176' title='bbox 407 2960 501 3037; x_wconf 89' lang='lat' dir='ltr'>Item,</span> <span class='ocrx_word' id='word_1_177' title='bbox 525 2961 670 3040; x_wconf 90' lang='lat' dir='ltr'>quinon</span> <span class='ocrx_word' id='word_1_178' title='bbox 700 2959 820 3026; x_wconf 89' lang='lat' dir='ltr'>missus</span> <span class='ocrx_word' id='word_1_179' title='bbox 852 2962 975 3046; x_wconf 82' lang='lat' dir='ltr'>digitos</span> <span class='ocrx_word' id='word_1_180' title='bbox 1006 2961 1099 3028; x_wconf 91' lang='lat' dir='ltr'>cruci</span> <span class='ocrx_word' id='word_1_181' title='bbox 1133 2963 1328 3045; x_wconf 84' lang='lat' dir='ltr'>superponit</span> <span class='ocrx_word' id='word_1_182' title='bbox 1359 2960 1414 3026; x_wconf 91' lang='lat' dir='ltr'>vel</span> <span class='ocrx_word' id='word_1_183' title='bbox 1441 2961 1489 3024; x_wconf 93' lang='lat' dir='ltr'>de·</span> <span class='ocrx_word' id='word_1_184' title='bbox 1580 2948 1585 2966; x_wconf 69' lang='lat'>&#39;&#39;</span> 
     </span>
     <span class='ocr_line' id='line_1_24' title="bbox 305 3064 1490 3149; baseline -0.003 -19"><span class='ocrx_word' id='word_1_185' title='bbox 305 3065 406 3146; x_wconf 83' lang='lat' dir='ltr'>pouit,</span> <span class='ocrx_word' id='word_1_186' title='bbox 430 3069 568 3146; x_wconf 93' lang='lat' dir='ltr'>propter</span> <span class='ocrx_word' id='word_1_187' title='bbox 591 3064 653 3129; x_wconf 93' lang='lat' dir='ltr'>hoc</span> <span class='ocrx_word' id='word_1_188' title='bbox 668 3081 734 3128; x_wconf 91' lang='lat' dir='ltr'>non</span> <span class='ocrx_word' id='word_1_189' title='bbox 751 3083 883 3130; x_wconf 88' lang='lat' dir='ltr'>causam</span> <span class='ocrx_word' id='word_1_190' title='bbox 902 3066 1020 3146; x_wconf 84' lang='lat' dir='ltr'>perdit,</span> <span class='ocrx_word' id='word_1_191' title='bbox 1038 3067 1097 3130; x_wconf 91' lang='lat' dir='ltr'>sed</span> <span class='ocrx_word' id='word_1_192' title='bbox 1110 3066 1216 3149; x_wconf 91' lang='lat' dir='ltr'>judici</span> <span class='ocrx_word' id='word_1_193' title='bbox 1231 3084 1332 3131; x_wconf 91' lang='lat' dir='ltr'>unum</span> <span class='ocrx_word' id='word_1_194' title='bbox 1349 3081 1490 3149; x_wconf 82' lang='lat' dir='ltr'>grossum</span> 
     </span>
     <span class='ocr_line' id='line_1_25' title="bbox 305 3169 667 3253; baseline -0.003 -20"><span class='ocrx_word' id='word_1_195' title='bbox 305 3169 414 3233; x_wconf 91' lang='lat' dir='ltr'>solvet</span> <span class='ocrx_word' id='word_1_196' title='bbox 437 3187 495 3248; x_wconf 93' lang='lat' dir='ltr'>pro</span> <span class='ocrx_word' id='word_1_197' title='bbox 519 3170 667 3253; x_wconf 89' lang='lat' dir='ltr'>emenda.</span> 
     </span>
    </p>
   </div>
   <div class='ocr_carea' id='block_1_11' title="bbox 305 3271 1586 3570">
    <p class='ocr_par' dir='ltr' id='par_1_12' title="bbox 305 3271 1586 3570">
     <span class='ocr_line' id='line_1_26' title="bbox 407 3271 1586 3356; baseline 0 -20"><span class='ocrx_word' id='word_1_198' title='bbox 407 3271 501 3354; x_wconf 89' lang='lat' dir='ltr'>Item,</span> <span class='ocrx_word' id='word_1_199' title='bbox 524 3272 554 3337; x_wconf 88' lang='lat' dir='ltr'>si</span> <span class='ocrx_word' id='word_1_200' title='bbox 578 3290 598 3336; x_wconf 92' lang='lat' dir='ltr'>a</span> <span class='ocrx_word' id='word_1_201' title='bbox 621 3272 755 3352; x_wconf 88' lang='lat' dir='ltr'>placitis</span> <span class='ocrx_word' id='word_1_202' title='bbox 778 3278 813 3338; x_wconf 90' lang='lat' dir='ltr'>et</span> <span class='ocrx_word' id='word_1_203' title='bbox 832 3273 1034 3356; x_wconf 86' lang='lat' dir='ltr'>jnramentis</span> <span class='ocrx_word' id='word_1_204' title='bbox 1058 3292 1118 3355; x_wconf 92' lang='lat' dir='ltr'>per</span> <span class='ocrx_word' id='word_1_205' title='bbox 1142 3271 1347 3339; x_wconf 86' lang='lat' dir='ltr'>amicabilem</span> <span class='ocrx_word' id='word_1_206' title='bbox 1372 3291 1490 3352; x_wconf 93' lang='lat' dir='ltr'>compo·</span> <span class='ocrx_word' id='word_1_207' title='bbox 1585 3293 1586 3300; x_wconf 49' lang='lat'>¹</span> 
     </span>
     <span class='ocr_line' id='line_1_27' title="bbox 305 3375 1586 3459; baseline -0.001 -18"><span class='ocrx_word' id='word_1_208' title='bbox 305 3376 458 3443; x_wconf 89' lang='lat' dir='ltr'>sitionem</span> <span class='ocrx_word' id='word_1_209' title='bbox 480 3375 659 3452; x_wconf 89' lang='lat' dir='ltr'>receditur,</span> <span class='ocrx_word' id='word_1_210' title='bbox 679 3377 783 3459; x_wconf 88' lang='lat' dir='ltr'>judex</span> <span class='ocrx_word' id='word_1_211' title='bbox 805 3377 914 3443; x_wconf 92' lang='lat' dir='ltr'>adhuc</span> <span class='ocrx_word' id='word_1_212' title='bbox 938 3380 1093 3444; x_wconf 90' lang='lat' dir='ltr'>emendas</span> <span class='ocrx_word' id='word_1_213' title='bbox 1117 3377 1250 3443; x_wconf 83' lang='lat' dir='ltr'>debitos</span> <span class='ocrx_word' id='word_1_214' title='bbox 1266 3383 1489 3457; x_wconf 88' lang='lat' dir='ltr'>consequetur.</span> <span class='ocrx_word' id='word_1_215' title='bbox 1585 3387 1586 3390; x_wconf 74' lang='grc'>’</span> 
     </span>
     <span class='ocr_line' id='line_1_28' title="bbox 409 3480 1586 3570; baseline -0.002 -23"><span class='ocrx_word' id='word_1_216' title='bbox 409 3482 504 3562; x_wconf 91' lang='lat' dir='ltr'>Item,</span> <span class='ocrx_word' id='word_1_217' title='bbox 526 3480 556 3545; x_wconf 90' lang='lat' dir='ltr'>si</span> <span class='ocrx_word' id='word_1_218' title='bbox 576 3481 691 3564; x_wconf 89' lang='lat' dir='ltr'>jurare</span> <span class='ocrx_word' id='word_1_219' title='bbox 715 3483 840 3547; x_wconf 90' lang='lat' dir='ltr'>debens</span> <span class='ocrx_word' id='word_1_220' title='bbox 873 3483 917 3546; x_wconf 92' lang='lat' dir='ltr'>ad</span> <span class='ocrx_word' id='word_1_221' title='bbox 945 3481 1141 3548; x_wconf 88' lang='lat' dir='ltr'>instantiam</span> <span class='ocrx_word' id='word_1_222' title='bbox 1164 3480 1290 3548; x_wconf 84' lang='lat' dir='ltr'>actoris</span> <span class='ocrx_word' id='word_1_223' title='bbox 1318 3487 1354 3547; x_wconf 91' lang='lat' dir='ltr'>et</span> <span class='ocrx_word' id='word_1_224' title='bbox 1381 3497 1488 3562; x_wconf 88' lang='lat' dir='ltr'>preces</span> <span class='ocrx_word' id='word_1_225' title='bbox 1585 3499 1586 3570; x_wconf 84' lang='lat' dir='ltr'>j</span> 
     </span>
    </p>
   </div>
   <div class='ocr_carea' id='block_1_12' title="bbox 304 3583 1489 3668">
    <p class='ocr_par' dir='ltr' id='par_1_13' title="bbox 304 3583 1489 3668">
     <span class='ocr_line' id='line_1_29' title="bbox 304 3583 1489 3668; baseline -0.003 -18"><span class='ocrx_word' id='word_1_226' title='bbox 304 3585 522 3666; x_wconf 85' lang='lat' dir='ltr'>interpositas</span> <span class='ocrx_word' id='word_1_227' title='bbox 546 3583 740 3666; x_wconf 88' lang='lat' dir='ltr'>supportari</span> <span class='ocrx_word' id='word_1_228' title='bbox 762 3603 828 3650; x_wconf 93' lang='lat' dir='ltr'>non</span> <span class='ocrx_word' id='word_1_229' title='bbox 851 3585 933 3668; x_wconf 91' lang='lat' dir='ltr'>vult,</span> <span class='ocrx_word' id='word_1_230' title='bbox 956 3585 1021 3652; x_wconf 89' lang='lat' dir='ltr'>nisi</span> <span class='ocrx_word' id='word_1_231' title='bbox 1042 3585 1143 3668; x_wconf 76' lang='lat' dir='ltr'>Juret,</span> <span class='ocrx_word' id='word_1_232' title='bbox 1167 3585 1410 3666; x_wconf 89' lang='lat' dir='ltr'>permittendus</span> <span class='ocrx_word' id='word_1_233' title='bbox 1435 3587 1489 3649; x_wconf 91' lang='lat' dir='ltr'>est.</span> 
     </span>
    </p>
   </div>
   <div class='ocr_carea' id='block_1_13' title="bbox 303 3737 1488 4459">
    <p class='ocr_par' dir='ltr' id='par_1_14' title="bbox 303 3737 1488 4459">
     <span class='ocr_line' id='line_1_30' title="bbox 410 3737 1488 3829; baseline -0.005 -23"><span class='ocrx_word' id='word_1_234' title='bbox 410 3739 515 3829; x_wconf 73' lang='lat' dir='ltr'>256.b)</span> <span class='ocrx_word' id='word_1_235' title='bbox 556 3740 607 3804; x_wconf 89' lang='lat' dir='ltr'>Do</span> <span class='ocrx_word' id='word_1_236' title='bbox 649 3742 851 3806; x_wconf 78' lang='lat' dir='ltr'>emendorum</span> <span class='ocrx_word' id='word_1_237' title='bbox 890 3741 1016 3825; x_wconf 80' lang='lat' dir='ltr'>froude</span> <span class='ocrx_word' id='word_1_238' title='bbox 1051 3745 1136 3806; x_wconf 79' lang='lat' dir='ltr'>iuter</span> <span class='ocrx_word' id='word_1_239' title='bbox 1162 3752 1288 3827; x_wconf 79' lang='lat' dir='ltr'>partes.</span> <span class='ocrx_word' id='word_1_240' title='bbox 1328 3741 1365 3808; x_wconf 86' lang='lat' dir='ltr'>Si</span> <span class='ocrx_word' id='word_1_241' title='bbox 1393 3737 1488 3827; x_wconf 83' lang='lat' dir='ltr'>judici</span> 
     </span>
     <span class='ocr_line' id='line_1_31' title="bbox 303 3845 1487 3929; baseline -0.005 -16"><span class='ocrx_word' id='word_1_242' title='bbox 303 3847 446 3926; x_wconf 90' lang='lat' dir='ltr'>videtur,</span> <span class='ocrx_word' id='word_1_243' title='bbox 469 3847 556 3926; x_wconf 89' lang='lat' dir='ltr'>quod</span> <span class='ocrx_word' id='word_1_244' title='bbox 579 3845 670 3912; x_wconf 89' lang='lat' dir='ltr'>iuter</span> <span class='ocrx_word' id='word_1_245' title='bbox 691 3852 839 3912; x_wconf 87' lang='lat' dir='ltr'>actorem</span> <span class='ocrx_word' id='word_1_246' title='bbox 872 3853 908 3912; x_wconf 90' lang='lat' dir='ltr'>et</span> <span class='ocrx_word' id='word_1_247' title='bbox 941 3865 1033 3914; x_wconf 89' lang='lat' dir='ltr'>reum</span> <span class='ocrx_word' id='word_1_248' title='bbox 1062 3866 1121 3929; x_wconf 90' lang='lat' dir='ltr'>per</span> <span class='ocrx_word' id='word_1_249' title='bbox 1153 3847 1366 3914; x_wconf 87' lang='lat' dir='ltr'>collusionem</span> <span class='ocrx_word' id='word_1_250' title='bbox 1397 3862 1487 3925; x_wconf 88' lang='lat' dir='ltr'>super</span> 
     </span>
     <span class='ocr_line' id='line_1_32' title="bbox 305 3948 1484 4038; baseline -0.006 -21"><span class='ocrx_word' id='word_1_251' title='bbox 305 3969 427 4018; x_wconf 86' lang='lat' dir='ltr'>causae</span> <span class='ocrx_word' id='word_1_252' title='bbox 450 3948 687 4030; x_wconf 89' lang='lat' dir='ltr'>compositione</span> <span class='ocrx_word' id='word_1_253' title='bbox 710 3949 844 4026; x_wconf 85' lang='lat' dir='ltr'>factam,</span> <span class='ocrx_word' id='word_1_254' title='bbox 878 3969 956 4017; x_wconf 86' lang='lat' dir='ltr'>reus</span> <span class='ocrx_word' id='word_1_255' title='bbox 980 3953 1020 4017; x_wconf 90' lang='lat' dir='ltr'>de</span> <span class='ocrx_word' id='word_1_256' title='bbox 1043 3953 1240 4038; x_wconf 88' lang='lat' dir='ltr'>juramentis</span> <span class='ocrx_word' id='word_1_257' title='bbox 1271 3955 1484 4033; x_wconf 87' lang='lat' dir='ltr'>supportetur,</span> 
     </span>
     <span class='ocr_line' id='line_1_33' title="bbox 303 4049 1482 4138; baseline -0.007 -17"><span class='ocrx_word' id='word_1_258' title='bbox 303 4057 417 4121; x_wconf 90' lang='lat' dir='ltr'>ambos</span> <span class='ocrx_word' id='word_1_259' title='bbox 441 4057 553 4135; x_wconf 88' lang='lat' dir='ltr'>potest</span> <span class='ocrx_word' id='word_1_260' title='bbox 575 4055 618 4119; x_wconf 85' lang='lat' dir='ltr'>ad</span> <span class='ocrx_word' id='word_1_261' title='bbox 637 4052 859 4135; x_wconf 89' lang='lat' dir='ltr'>jurameutum</span> <span class='ocrx_word' id='word_1_262' title='bbox 885 4054 1092 4138; x_wconf 91' lang='lat' dir='ltr'>compellere,</span> <span class='ocrx_word' id='word_1_263' title='bbox 1127 4074 1168 4121; x_wconf 89' lang='lat' dir='ltr'>ne</span> <span class='ocrx_word' id='word_1_264' title='bbox 1191 4055 1226 4120; x_wconf 92' lang='lat' dir='ltr'>im</span> <span class='ocrx_word' id='word_1_265' title='bbox 1249 4055 1320 4122; x_wconf 90' lang='lat' dir='ltr'>suis</span> <span class='ocrx_word' id='word_1_266' title='bbox 1350 4049 1482 4121; x_wconf 88' lang='lat' dir='ltr'>emendis</span> 
     </span>
     <span class='ocr_line' id='line_1_34' title="bbox 304 4136 1482 4244; baseline -0.007 -18"><span class='ocrx_word' id='word_1_267' title='bbox 304 4158 531 4226; x_wconf 75' lang='lat' dir='ltr'>defraudetur.</span> <span class='ocrx_word' id='word_1_268' title='bbox 553 4159 595 4222; x_wconf 85' lang='lat' dir='ltr'>Et</span> <span class='ocrx_word' id='word_1_269' title='bbox 618 4157 647 4223; x_wconf 92' lang='lat' dir='ltr'>si</span> <span class='ocrx_word' id='word_1_270' title='bbox 670 4161 765 4224; x_wconf 91' lang='lat' dir='ltr'>ambo</span> <span class='ocrx_word' id='word_1_271' title='bbox 788 4158 843 4223; x_wconf 92' lang='lat' dir='ltr'>vel</span> <span class='ocrx_word' id='word_1_272' title='bbox 867 4176 952 4224; x_wconf 93' lang='lat' dir='ltr'>unus</span> <span class='ocrx_word' id='word_1_273' title='bbox 977 4177 1090 4225; x_wconf 90' lang='lat' dir='ltr'>eorum</span> <span class='ocrx_word' id='word_1_274' title='bbox 1114 4159 1237 4242; x_wconf 89' lang='lat' dir='ltr'>deviat,</span> <span class='ocrx_word' id='word_1_275' title='bbox 1271 4136 1373 4244; x_wconf 70' lang='lat' dir='ltr'>ju‘rati</span> <span class='ocrx_word' id='word_1_276' title='bbox 1393 4170 1482 4236; x_wconf 87' lang='lat' dir='ltr'>super</span> 
     </span>
     <span class='ocr_line' id='line_1_35' title="bbox 303 4261 1478 4348; baseline -0.008 -18"><span class='ocrx_word' id='word_1_277' title='bbox 303 4283 342 4330; x_wconf 92' lang='lat' dir='ltr'>eo</span> <span class='ocrx_word' id='word_1_278' title='bbox 381 4261 603 4329; x_wconf 88' lang='lat' dir='ltr'>consideratis</span> <span class='ocrx_word' id='word_1_279' title='bbox 644 4261 796 4344; x_wconf 90' lang='lat' dir='ltr'>personis</span> <span class='ocrx_word' id='word_1_280' title='bbox 836 4266 871 4327; x_wconf 89' lang='lat' dir='ltr'>et</span> <span class='ocrx_word' id='word_1_281' title='bbox 910 4263 1171 4330; x_wconf 87' lang='lat' dir='ltr'>circumstantiis</span> <span class='ocrx_word' id='word_1_282' title='bbox 1208 4263 1386 4348; x_wconf 87' lang='lat' dir='ltr'>diligenter</span> <span class='ocrx_word' id='word_1_283' title='bbox 1415 4275 1478 4324; x_wconf 92' lang='lat' dir='ltr'>con·</span> 
     </span>
     <span class='ocr_line' id='line_1_36' title="bbox 304 4365 1476 4459; baseline -0.008 -27"><span class='ocrx_word' id='word_1_284' title='bbox 304 4369 508 4433; x_wconf 89' lang='lat' dir='ltr'>siderabunt.</span> <span class='ocrx_word' id='word_1_285' title='bbox 531 4365 627 4448; x_wconf 90' lang='lat' dir='ltr'>Item,</span> <span class='ocrx_word' id='word_1_286' title='bbox 646 4368 871 4450; x_wconf 90' lang='lat' dir='ltr'>jurameutum</span> <span class='ocrx_word' id='word_1_287' title='bbox 895 4367 1018 4433; x_wconf 88' lang='lat' dir='ltr'>dimitti</span> <span class='ocrx_word' id='word_1_288' title='bbox 1040 4384 1106 4434; x_wconf 92' lang='lat' dir='ltr'>non</span> <span class='ocrx_word' id='word_1_289' title='bbox 1130 4373 1250 4453; x_wconf 89' lang='lat' dir='ltr'>potest,</span> <span class='ocrx_word' id='word_1_290' title='bbox 1273 4368 1337 4459; x_wconf 90' lang='lat' dir='ltr'>nisi</span> <span class='ocrx_word' id='word_1_291' title='bbox 1358 4365 1476 4433; x_wconf 90' lang='lat' dir='ltr'>obtenta</span> 
     </span>
    </p>
   </div>
   <div class='ocr_carea' id='block_1_14' title="bbox 0 0 1647 5009">
    <p class='ocr_par' dir='ltr' id='par_1_15' title="bbox 0 0 1647 5009">
     <span class='ocr_line' id='line_1_37' title="bbox 0 0 1647 5009; baseline 0 0"><span class='ocrx_word' id='word_1_292' title='bbox 0 0 1647 5009; x_wconf 95' lang='lat' dir='ltr'> </span> 
     </span>
    </p>
   </div>
  </div>
 </body>
</html>
