3275 5009
246 356 297 410 ³48
771 353 921 408 Addenda:

243 562 366 630 debitis
389 563 527 630 inducat
542 561 777 644 testimonium,
793 561 861 627 nisi
876 562 1028 629 adminus
1043 581 1145 629 unum
1170 567 1310 659 probum
1333 565 1449 632 virum

242 667 342 750 hup'us
355 667 506 733 civitatis
517 684 627 732 secum
638 666 762 733 habeat
773 684 833 748 pro
844 685 903 734 suo
913 670 1117 734 testamento
1128 667 1362 736 confirmando.
1372 668 1448 754 (ll.)

347 797 423 865 227.
458 793 797 862 Detestimouio
833 795 999 862 notarii
1036 795 1258 864 civitatis.
1294 797 1448 880 Quilibet

240 902 372 984 juratus
406 897 558 964 notarius
582 896 742 981 civitatis
765 897 926 978 quidquid
948 898 980 964 in
1006 899 1131 965 tabuiis
1166 903 1235 967 suis
1261 903 1448 984 collegerit,

244 1004 317 1070 sive
339 1003 385 1069 sit
403 1003 628 1084 juramentum
651 1003 706 1066 vel
730 993 931 1084 proscriptio
955 1003 1106 1088 alicujus,
1130 1004 1183 1071 vel
1207 1005 1337 1085 aliquos
1353 1008 1446 1072 incu-

244 1113 337 1174 satos
372 1125 431 1188 pro
467 1106 659 1174 vulneribus
694 1107 748 1174 vel
783 1100 860 1172 aliis
895 1109 1019 1189 causis,-
1049 1107 1279 1194 interrogatus
1315 1112 1358 1175 de
1381 1110 1448 1176 hiis

245 1211 470 1278 testimonium
502 1211 680 1292 perhibere
715 1209 841 1291 poterit
875 1211 964 1277 slent
997 1214 1085 1278 alter
1107 1212 1252 1295 jnratuS,
1275 1212 1342 1278 nisi
1364 1219 1449 1296 tuno

246 1319 287 1383 ab
322 1316 432 1395 aliquo
466 1317 655 1400 juratorum
692 1331 787 1379 suum
825 1315 1052 1384 testimonium
1086 1334 1219 1398 cassum
1254 1322 1289 1382 et
1323 1336 1448 1383 uanum

245 1425 486 1501 comprobetur.
511 1419 652 1504 (XXV.)

714 1520 791 1585 Post
813 1526 872 1586 ort.
901 1521 972 1588 726.

349 1646 426 1714 228.
462 1643 520 1709 De
555 1643 740 1709 volleist
775 1643 1021 1712 interfecti.
1056 1645 1092 1714 Si
1122 1645 1196 1726 quis
1228 1665 1286 1728 pro
1311 1647 1450 1715 volleist

246 1747 388 1831 alicujus
411 1746 583 1815 interfecti
605 1747 779 1814 incusatus
801 1747 920 1814 fuerit:
943 1749 1034 1816 solus
1065 1749 1099 1815 iu
1128 1769 1227 1817 cruce
1259 1770 1295 1817 se
1321 1751 1450 1834 poterit

218 1871 425 1932 =excusare;
456 1858 490 1917 et
520 1851 548 1916 si
580 1850 750 1935 ceciderit,
770 1855 1001 1931 'conquerenti
1032 1873 1177 1920 marcam
1209 1855 1313 1938 dabit,
1341 1856 1450 1939 judici

246 1969 283 2026 et
302 1957 424 2043 juratis
448 1956 587 2022 mediam
621 1976 774 2025 maroam.
807 1957 843 2024 Si
867 1957 940 2038 quis
964 1957 1161 2024 vulneratus
1184 1959 1240 2025 vel
1262 1960 1328 2026 alio
1352 1963 1449 2026 modo

245 2064 357 2130 laesus
380 2060 482 2127 fuerit
506 2067 541 2126 et
564 2061 652 2127 inira
675 2062 821 2128 triduum
853 2063 1015 2127 neminem
1046 2080 1109 2128 nec
1137 2081 1197 2144 pro
1220 2063 1362 2130 vulnere
1386 2083 1450 2131 nec

245 2186 306 2249 pro
337 2165 473 2232 volleist
505 2164 732 2233 accusaverit:
762 2168 968 2248 postmodum
1001 2185 1060 2248 pro
1083 2167 1146 2232 tali
1168 2166 1259 2232 facto
1283 2168 1450 2236 neminem

246 2270 372 2354 poterit
394 2270 557 2336 incusare.
583 2268 736 2355 (XLIX.)
1431 2283 1436 2288 ’

332 2400 523 2468 229111
557 2401 654 2482 Jure
692 2402 970 2479 membrorum
1010 2400 1328 2482 principalium.
1368 2401 1449 2484 Qui-

245 2523 386 2584 cumque
421 2503 521 2570 alteri
542 2503 668 2583 aliquid
692 2506 872 2569 membrum
895 2504 1006 2570 nobile
1030 2505 1196 2571 deciderit
1217 2506 1273 2571 vel
1296 2514 1449 2588 amputa-

245 2610 336 2675 verit
359 2609 412 2675 vel
437 2609 583 2692 ejecerit,
608 2611 673 2676 vid.
697 2610 835 2691 oculum,
854 2627 980 2690 nasum,
996 2609 1154 2691 linguam,
1171 2628 1314 2692 manum,
1331 2612 1450 2692 pedem

246 2714 300 2780 vel
316 2711 443 2792 aliquid
459 2714 637 2778 membrum
654 2714 835 2779 occultum:
856 2714 885 2778 si
901 2714 1074 2779 incusatus
1090 2713 1203 2796 fuerit,
1219 2721 1450 2794 met-quartus

246 2837 320 2884 oum
343 2817 425 2883 vlris
449 2816 576 2882 idoneis
601 2836 637 2882 se
660 2817 694 2882 ln
718 2836 816 2884 eruce
852 2817 1063 2900 expurgabit.
1097 2817 1132 2884 Si
1164 2823 1274 2884 autem
1301 2819 1449 2902 jurando

245 2921 418 3004 defecerit,
454 2939 579 3002 poenae
613 2921 696 2987 XIV
731 2941 829 2988 mare.
866 2920 1063 3006 subjacebit,
1097 2939 1236 3001 quarum
1267 2922 1300 2986 X
1324 2925 1449 2988 cedent

245 3028 346 3108 laeso,
377 3025 481 3108 judici
505 3032 575 3091 tres
610 3033 646 3090 et
676 3024 800 3106 jnratis
836 3045 903 3092 una
937 3045 1056 3092 marca.
1092 3026 1139 3091 Et
1174 3029 1203 3091 si
1237 3027 1312 3106 quis
1346 3026 1448 3092 alteri

245 3132 425 3194 membrum
441 3129 576 3209 aliquod
592 3130 702 3196 nobile
718 3130 871 3212 laederit,
887 3132 973 3210 quod
989 3131 1096 3196 leem
1112 3129 1245 3213 dicitur,
1262 3131 1374 3214 gladio
1392 3130 1446 3197 vel

245 3233 380 3300 cultello
403 3233 457 3298 vel
479 3231 568 3298 fuste
591 3233 646 3299 vel
662 3233 773 3314 lapide
789 3233 844 3299 vel
859 3234 970 3313 aliquo
987 3234 1053 3301 alio
1070 3235 1293 3301 iustrumento
1309 3242 1347 3301 et
1362 3235 1447 3300 si-se

246 3353 434 3418 expurgare
446 3336 600 3419 voluerit,
613 3341 681 3402 met
694 3338 816 3401 tertius
826 3337 964 3420 jurabit.
977 3337 1024 3402 nt
1035 3337 1065 3402 si
1076 3357 1136 3420 pro
1149 3338 1446 3412 volleistaccu-

246 3445 341 3505 satus
363 3438 475 3522 fuerit,
497 3439 532 3504 in
554 3458 653 3506 cruce
677 3459 713 3505 se
737 3440 825 3506 solus
846 3442 1056 3524 expurgabit.
1080 3442 1115 3508 Si
1132 3443 1207 3522 quis
1224 3462 1325 3526 super
1341 3443 1446 3509 alium

246 3544 377 3625 vulnus,
400 3546 487 3623 quod
511 3543 634 3609 dicitur
657 3543 839 3628 plutrunst,
864 3544 899 3608 in
922 3544 1049 3627 judicio
1073 3546 1271 3612 obtinuerit:
1295 3547 1387 3612 laeso
1411 3546 1447 3610 in

246 3649 354 3715 media
390 3667 501 3715 marca
535 3649 761 3731 respondebit,
791 3649 898 3732 judici
923 3657 958 3713 et
976 3649 1099 3732 juratis
1123 3648 1158 3714 in
1181 3649 1289 3715 media
1321 3667 1447 3714 marca.

248 3751 392 3837 (XLVII
417 3757 452 3819 et
474 3753 649 3839 XLVIII)

349 3876 426 3942 239.
450 3873 492 3939 Si
517 3893 683 3957 pauper
706 3874 888 3941 divitem
913 3874 1237 3941 vulneraverit.
1260 3874 1298 3940 Si
1319 3874 1442 3956 aliquis

248 3996 375 4059 pauper
409 3979 552 4059 aliquem
587 3978 776 4060 violaverit,
810 3984 870 4043 aut
904 3978 1053 4060 laeserit,
1083 3979 1133 4044 cui
1159 3977 1358 4046 satisfacere
1381 3999 1448 4046 non

247 4082 381 4164 poterit,
404 4087 533 4163 septem
556 4081 753 4164 septimanis
777 4081 812 4146 in
835 4090 955 4148 trunco
979 4083 1145 4163 punietur.

351 4204 427 4270 231.
445 4202 523 4286 Qui
540 4204 828 4284 vagabundus
853 4203 893 4268 in
916 4203 1303 4270 nocteinvenitur.
1319 4203 1356 4270 Si
1372 4205 1447 4284 quis

247 4313 397 4388 tempore
420 4314 584 4372 nocturno
608 4307 641 4370 in
666 4305 806 4372 civitate
829 4308 884 4372 val
908 4311 1007 4372 extra
1034 4309 1255 4390 vagabundus
1287 4304 1447 4375 inventus
