3275 5009
770 373 934 428 Sententiae

356 582 450 659 Item,
481 601 552 648 cum
578 600 663 650 reus
695 601 760 648 non
793 581 983 665 impeditus,
1013 587 1051 646 ut
1082 587 1293 663 praetactum
1321 587 1382 664 est,
1406 602 1450 650 ex

252 685 461 753 confessione
496 705 556 752 sua
590 692 687 754 extra
715 687 884 772 judicium,
915 693 950 752 et
980 690 1154 768 postquam
1185 703 1290 752 causa
1319 687 1451 754 ratione

251 789 382 858 arbitrii
405 789 440 856 in
463 808 532 855 rem
551 791 733 874 judicatam
753 793 833 875 jam,
855 797 894 856 ut
918 790 1043 856 dictum
1066 795 1129 872 est,
1152 789 1330 856 transivit:
1356 792 1452 858 facta

252 894 422 960 sententiat
444 893 555 975 puniri
579 913 645 960 non
665 895 786 960 meruit
802 892 956 977 capitali;
979 892 1170 959 sicutenim
1187 891 1266 958 talis
1283 894 1448 962 confessio

251 1015 426 1078 personam
450 997 500 1063 111
523 1016 587 1063 111
612 999 741 1080 statuit,
766 999 814 1064 sic
838 1017 900 1064 nec
923 999 968 1064 ad
984 1015 1122 1080 poenam
1139 1002 1254 1066 reatus
1271 998 1399 1082 obligat
1415 1005 1450 1066 et

253 1103 421 1186 astringit.

356 1207 402 1272 Et
433 1225 475 1273 ex
505 1207 567 1273 hoc
598 1213 714 1287 patent
746 1207 813 1274 aliu
844 1207 928 1272 bene
958 1205 1112 1287 intuenti,
1143 1208 1232 1286 quod
1263 1206 1389 1288 primus
1416 1208 1451 1273 in

253 1330 389 1377 causam
413 1317 544 1376 tractus
567 1316 734 1391 tamquam
759 1329 846 1393 reus,
870 1304 944 1376 cum
968 1310 1168 1392 praesertim
1183 1329 1248 1376 una
1265 1329 1373 1392 poena
1387 1330 1448 1393 pro

252 1434 318 1482 uns
341 1417 463 1482 delicto
487 1415 643 1498 sufficiat,
666 1435 725 1497 pro
749 1415 925 1481 homicidio
949 1413 1013 1479 sibi
1036 1413 1201 1496 imposito,
1225 1420 1260 1479 et
1282 1414 1372 1481 alter
1388 1435 1448 1498 pro

253 1523 355 1602 opera
378 1520 443 1585 sibi
466 1521 698 1602 principaliter
720 1519 876 1600 imposita
899 1536 1096 1598 componere
1120 1520 1333 1584 tenebuntur.

355 1694 407 1761 41.
431 1695 486 1759 Ad
508 1696 592 1760 idem
616 1705 769 1780 quantum
793 1695 1004 1758 addicemus
1027 1714 1108 1776 reos,
1135 1713 1269 1777 quoram
1299 1714 1382 1754 anas
1410 1693 1449 1756 de

252 1797 424 1861 homicidio
441 1811 614 1862 accusatur
628 1810 658 1862 et
674 1799 758 1862 alter
773 1799 983 1863 homicidium
997 1820 1030 1860 se
1045 1807 1253 1880 perpetrasse
1267 1796 1444 1878 confitetur.

253 1901 288 1968 Si
311 1903 407 1968 amici
430 1903 531 1970 occisi
554 1911 714 1971 accusant
736 1905 874 1970 Petrum
898 1909 1029 1970 tantum
1051 1905 1092 1968 de
1107 1899 1292 1985 homicidio,
1307 1902 1446 1985 111111-

251 2011 364 2072 menta
395 2008 611 2091 calumpniae,
647 2008 734 2075 sicut
768 2011 809 2075 de
841 2009 916 2092 jure
948 2008 1124 2073 consuevit
1156 2005 1238 2087 fieri,
1272 2007 1314 2071 de
1346 2006 1447 2071 Petro

251 2115 416 2191 tamquam
454 2112 495 2177 de
529 2131 608 2180 vero
643 2133 700 2178 reo
736 2113 894 2179 fecerint:
930 2113 1003 2193 ipse
1038 2112 1161 2177 Petrus
1194 2111 1236 2175 de
1270 2108 1447 2175 homicidio

252 2216 474 2295 respondebit,
498 2234 563 2281 non
587 2220 743 2284 obstante
767 2219 983 2285 excusatione
1007 2216 1114 2296 Pauli,
1137 2233 1222 2296 quae
1239 2214 1319 2281 licet
1335 2233 1447 2280 coram
1538 2301 1543 2306 ⁸

253 2318 324 2383 Deo
352 2318 507 2384 fortassis
538 2321 582 2386 sit
609 2324 711 2406 justa,
742 2327 854 2388 tamen
886 2341 996 2388 coram
1028 2319 1216 2384 hominibus
1247 2317 1447 2400 suspicionis

252 2424 407 2503 scrupulo
434 2442 548 2490 carere
572 2428 806 2506 quodammodo
830 2445 895 2492 non
918 2426 1059 2492 videtur.

358 2599 409 2660 42.
436 2598 522 2662 Reus
540 2603 750 2684 proscriptus
773 2602 855 2682 quia-
883 2599 972 2664 nullo
1003 2607 1174 2662 accusante
1203 2595 1369 2681 coafemas
1401 2604 1448 2658 est

253 2721 284 2762 se
306 2701 513 2766 homicidium
534 2715 752 2787 perpetrasse,
783 2707 856 2770 ideo
885 2703 1111 2789 spiritualiter
1140 2699 1328 2766 emendabit.
1363 2701 1445 2768 Cum

252 2807 458 2885 querimonia
482 2808 578 2874 unius
602 2808 770 2876 homicidii
795 2810 836 2874 de
859 2828 923 2874 uno
948 2827 1004 2874 111
1028 2812 1117 2875 mota
1141 2827 1201 2889 per
1224 2807 1372 2890 eiusdem
1394 2804 1445 2871 rei

239 2909 503 2991 'responsionem
526 2921 560 2978 11
584 2914 826 2980 absolutionem
848 2913 1057 2979 sufficienter
1080 2912 1287 2988 terminetur,
1314 2928 1356 2976 ex
1379 2927 1443 2989 quo

252 3014 374 3079 Petrus
388 3017 428 3080 de
441 3017 531 3082 dicto
543 3018 718 3084 homicidio
727 3017 945 3099 justicialiter
958 3024 1011 3083 est
1022 3017 1211 3083 absolutus:
1224 3034 1289 3081 non
1301 3019 1444 3095 oportet,

253 3120 340 3204 quod
370 3119 493 3186 Paulus
515 3120 619 3202 judici
643 3141 702 3202 pro
726 3141 774 3205 eo,
798 3141 872 3187 cum
895 3130 1028 3187 actores
1051 3138 1117 3186 uon
1141 3126 1282 3204 egerunt
1303 3119 1339 3183 in
1362 3135 1444 3200 eum,

252 3222 287 3286 in
303 3224 468 3303 aliquibus
484 3235 642 3291 teneatur
659 3229 814 3294 emendis.
832 3227 899 3293 Sed
916 3228 944 3292 si
956 3246 1048 3291 reum
1064 3225 1233 3290 homicidii
1249 3241 1286 3289 se
1302 3221 1444 3304 noverit,

253 3326 342 3392 sicut
365 3333 535 3395 contessus
557 3331 630 3412 fuit,
660 3334 758 3397 corde
788 3331 934 3397 contrito
964 3333 1006 3396 ad
1036 3331 1127 3396 illum
1158 3334 1358 3402 recurrerat,
1387 3326 1445 3405 qui

253 3429 286 3493 in
299 3431 371 3496 foro
385 3434 551 3516 spirituaii
561 3435 799 3516 poenitentiam
817 3435 882 3502 sibi
897 3436 1067 3516 imponere
1082 3431 1443 3499 habueritsalutarem.

254 3534 378 3600 'lamen
402 3538 431 3603 si
454 3539 495 3603 de
517 3540 781 3622 mortificatione,
805 3539 895 3604 furto
920 3545 954 3604 et
978 3537 1140 3604 consimili
1155 3541 1252 3602 reatu
1268 3535 1442 3601 criminoso

252 3657 313 3720 per
336 3641 478 3722 aliquem
502 3643 664 3710 confessio
695 3645 788 3711 facta
817 3642 928 3721 fuerit,
959 3662 1059 3724 super
1089 3661 1127 3707 eo
1155 3641 1269 3725 jurati,
1299 3639 1443 3720 qualiter

253 3745 421 3810 sententia
444 3746 583 3813 ferenda
606 3750 658 3825 sit,
682 3766 755 3813 cunr
779 3748 955 3830 diligentia
979 3747 1184 3830 cogitabunt.

356 3919 408 3984 43.
431 3921 480 3982 De
502 3929 608 3984 actore
631 3931 660 3984 et
682 3943 746 4002 reo,
770 3921 898 4006 qnando
920 3919 1070 3983 mulieres
1086 3942 1150 4003 per
1165 3918 1397 3981 incantationes
1413 3926 1442 3979 et

254 4023 474 4106 eaperimenta
486 4025 639 4087 dicacatur
650 4027 790 4089 homicid
795 4028 861 4088 ium
865 4045 1074 4109 procurasse.
1088 4023 1125 4092 Si
1136 4023 1255 4090 mulier
1265 4021 1301 4088 in
1312 4040 1442 4087 causam

252 4130 365 4194 tracta
387 4148 446 4210 pro
464 4148 511 4212 eo,
536 4129 613 4210 quia
628 4130 782 4196 fortassis
799 4131 941 4210 aliquem
958 4128 1206 4196 cantationibus
1222 4127 1444 4209 maleficiavit,

252 4236 363 4296 tamen
378 4235 463 4312 quod
482 4251 522 4298 ex
538 4233 599 4299 tali
615 4235 777 4301 maleficio
795 4234 943 4315 corporis
960 4234 1011 4318 sui
1028 4232 1265 4299 detrimentum
1288 4230 1443 4313 patiatur,

252 4335 363 4415 tuerit,
406 4355 471 4400 non
509 4340 720 4406 obstantibus
759 4339 885 4406 actoris
924 4337 1111 4420 hujusmodi
1147 4335 1441 4418 protestationibus
