3275 5009
49 4421 166 4451 mm

304 365 355 417 138
820 359 987 416 Sententiae
1077 320 1081 324 ι

404 568 512 648 312.a)
534 568 585 630 De
602 565 710 651 furto,
734 569 772 632 de
795 589 856 652 quo
879 567 1061 633 dubitatur.
1084 567 1121 636 Si
1143 572 1323 636 causatus
1346 571 1388 638 de
1411 569 1494 636 furo

298 691 360 739 nec
383 673 418 738 in
441 676 521 738 actu
549 672 639 754 furti,
669 691 731 740 neo
762 692 837 741 cum
865 672 966 755 furto,
997 691 1060 741 nec
1090 673 1126 739 in
1153 672 1234 756 fuga
1264 674 1494 754 deprehensus,

300 776 436 843 auribus
470 775 633 858 privatus,
665 777 773 860 ignito
806 775 897 843 ferro
930 777 1093 861 signatus,
1130 775 1185 844 vel
1218 777 1304 843 elias
1327 778 1492 847 mutilatus

298 881 454 947 inventus
493 879 616 948 fuerit:
655 885 736 947 ωηο
774 886 855 946 ante
892 880 1002 946 omnia
1037 897 1138 946 causa
1175 880 1377 964 signationis
1399 884 1495 948 debet

296 984 429 1066 inquiri.
452 985 500 1050 Et
523 986 551 1050 si
573 983 772 1066 probaverit
802 1002 863 1066 per
894 1002 1037 1050 morsum
1068 984 1155 1068 equi,
1183 985 1239 1052 vel
1267 984 1493 1071 inbelle,ch

298 1089 332 1154 in
355 1089 467 1168 aliquo
490 1107 570 1155 casu
601 1089 745 1154 honesto
768 1107 805 1155 se
829 1107 929 1155 aures
963 1089 1116 1157 amisisse
1150 1088 1333 1156 vel-aliter
1362 1091 1490 1158 detrun·

299 1199 410 1259 catum
433 1189 518 1276 esse,
541 1211 612 1258 cum
637 1194 764 1259 duobus
789 1212 826 1260 se
850 1192 966 1277 digitis
989 1192 1199 1276 expurgabit.
1222 1193 1258 1259 Si
1274 1201 1388 1261 autem
1403 1214 1491 1262 acen·

299 1304 394 1363 satus
418 1297 650 1378 probationem
673 1297 775 1363 talem
797 1315 864 1364 non
891 1296 1022 1381 fecerit,
1051 1302 1133 1363 tunc
1163 1297 1310 1383 signatio
1342 1298 1495 1381 ostendit,

300 1420 374 1468 eum
401 1401 526 1466 furtum
558 1401 593 1466 in
623 1402 808 1484 praeterito
840 1408 1072 1484 perpetrasse3
1104 1406 1185 1466 ωηο
1215 1387 1325 1469 tribus
1354 1402 1495 1469 testibus

302 1505 454 1572 convinci
478 1524 538 1587 per
561 1512 708 1573 actorem
731 1511 853 1587 potest.
878 1507 974 1591 Quod
993 1506 1022 1572 si
1037 1524 1104 1571 non
1118 1504 1240 1571 feccrit
1255 1511 1362 1590 actor,
1376 1508 1492 1574 iterum

300 1615 479 1676 accusatus
502 1610 713 1694 expurgabit·
728 1628 765 1676 se
788 1612 861 1676 sola
884 1628 992 1676 manu.

404 1783 510 1864 arab)
532 1783 587 1846 Ad
609 1785 701 1847 idern.
728 1784 888 1868 Quamvis
911 1782 967 1849 fur
989 1801 1047 1864 pro
1071 1782 1208 1863 antiquo
1237 1783 1330 1851 furto
1360 1791 1493 1852 notatus

300 1888 412 1968 fuerit,
442 1893 556 1954 tamen
586 1889 697 1955 adhuc
726 1888 761 1953 in
793 1885 965 1969 praesenti
995 1889 1037 1952 de
1068 1887 1132 1953 sibi
1163 1888 1306 1971 objectis
1340 1892 1494 1955 innocens

301 2011 375 2059 esse
400 1998 522 2073 potest.
545 1993 668 2060 Furem
693 1997 805 2058 autam
829 1992 921 2072 prius
945 1991 1115 2073 signatum
1137 2010 1281 2071 sequens
1306 1999 1402 2059 actus
1417 1993 1495 2062 furti

304 2099 358 2164 vel
381 2095 516 2175 furtum,
542 2099 693 2176 quamvis
718 2103 771 2163 est
793 2096 967 2178 modicum,
988 2096 1043 2161 vel
1065 2094 1145 2178 iuga
1175 2097 1270 2162 actui·
1298 2096 1496 2179 continuate,

301 2202 483 2294 convincit,
507 2207 542 2268 et
565 2209 670 2287 actor,
695 2201 751 2282 qui
774 2200 846 2284 agit
869 2201 903 2265 in
921 2198 1028 2266 furem
1044 2201 1135 2281 prins
1151 2203 1295 2269 membro
1311 2203 1492 2268 mutilatum

301 2305 355 2370 vel
378 2307 556 2389 signatum,
579 2306 732 2386 quamvis
756 2308 798 2372 sb
821 2307 951 2388 agendo
975 2304 1121 2387 deficiat,
1142 2310 1256 2372 tamen
1279 2311 1417 2387 propter
1435 2307 1494 2371 boc

301 2412 471 2476 emendam
494 2428 560 2474 ηοη
583 2409 701 2476 solvet.

404 2581 509 2667 aian)
533 2583 582 2645 De
597 2581 680 2666 fure
704 2605 774 2645 oum
795 2581 895 2666 furto
925 2593 1032 2665 rapto.
1065 2583 1136 2650 Fur
1166 2583 1201 2649 in
1230 2589 1309 2650 actu
1337 2585 1393 2650 vel
1423 2603 1491 2650 eum

298 2685 387 2751 furto
411 2692 538 2767 raptus,
562 2687 650 2755 siout
673 2693 726 2753 est
749 2693 877 2771 raptus,
907 2687 955 2752 sic
979 2689 1021 2752 ad
1041 2686 1201 2769 judicium
1233 2695 1287 2754 est
1313 2691 1489 2755 ducendus

299 2790 346 2855 Et
370 2790 451 2857 licet
469 2789 578 2874 J'udiei
601 2797 677 2872 post
700 2796 1094 2874 raptum-praesentetur
1121 2793 1176 2858 vel
1205 2793 1396 2875 inoippetur
1424 2794 1494 2858 sine

298 2894 398 2977 furto,
439 2903 553 2960 tamen
587 2896 649 2960 boo
684 2913 750 2962 ηοη
785 2897 951 2978 obstante,
986 2896 1015 2961 si
1048 2897 1179 2979 rapitur
1214 2915 1288 2962 cum
1321 2895 1419 2979 furto,
1452 2898 1492 2962 ed

296 2997 457 3079 jndicium
480 3001 623 3064 ducetur
645 3017 718 3065 eum
740 2998 830 3064 furto
854 3016 957 3080 super
979 3018 1017 3067 se
1039 2999 1153 3083 ligato.

382 3173 516 3260 elad)
539 3171 594 3235 Aa
617 3173 709 3236 idam.
734 3173 770 3241 Si
794 3175 901 3256 prima
923 3174 998 3242 vioe
1021 3179 1200 3241 aecusatus
1217 3176 1258 3242 de
1274 3174 1364 3242 furto
1381 3180 1415 3241 et
1430 3192 1491 3239 non

300 3282 418 3356 raptus
450 3277 484 3341 in
514 3282 602 3360 actu,
632 3296 694 3344 nec
726 3279 890 3362 signatae,
920 3298 993 3345 eum
1021 3281 1210 3363 juramento
1241 3297 1279 3346 se
1309 3297 1492 3363 expurgare

214 3461 218 3468 Ι
300 3379 453 3444 debuerit
476 3386 511 3446 et
533 3380 656 3447 furtum
680 3387 754 3448 tam'
773 3383 929 3466 exiguum
958 3382 1071 3466 fuerit,
1101 3385 1282 3448 seeundum
1312 3386 1401 3464 quod
1429 3399 1491 3449 nou

297 3483 458 3563 respiciat
481 3503 588 3564 poena
611 3484 736 3552 crucis:
760 3492 840 3550 tunc
863 3490 945 3551 taxa
971 3487 1083 3551 soluta
1114 3505 1174 3569 pro
1204 3491 1346 3554 emenda
1373 3485 1492 3571 judicis

298 3593 334 3654 et
356 3596 453 3652 reatu
477 3606 549 3652 oum
573 3588 678 3671 virgis
702 3591 746 3656 ad
769 3597 919 3656 statuam
941 3591 1068 3672 ligatus
1093 3590 1256 3657 modicum
1288 3595 1491 3661 verberetur.

299 3690 380 3776 (Est
402 3692 489 3756 enim
513 3693 586 3773 plns
616 3693 713 3758 venia
743 3693 863 3777 dignus
894 3694 1005 3760 dictus
1036 3702 1224 3778 aecusatus
1254 3713 1327 3762 cum
1350 3697 1385 3762 in
1403 3697 1489 3779 jura·

298 3799 410 3860 mento
445 3796 600 3878 cespitat,
634 3815 731 3876 quam
766 3798 796 3862 si
832 3797 957 3864 furtum
995 3803 1295 3879 quantumcumque
1333 3799 1488 3867 modicum

299 3901 390 3978 apud
428 3917 502 3964 eum
540 3899 644 3966 fuerit
681 3903 951 3988 deprehensum.)
988 3901 1083 3986 Item,
1117 3907 1249 3983 quando
1282 3903 1490 3972 communiter

300 4002 432 4083 dicitur,
456 4006 542 4082 quod
572 4003 627 4069 fur·
656 4006 710 4071 vel
743 4006 831 4072 alter
860 4008 1031 4074 maleficus
1060 4009 1214 4089 privatus
1245 4015 1299 4075 est
1324 4009 1399 4093 jure
1425 4023 1488 4085 suo,

298 4106 449 4171 beenon
473 4114 526 4171 est
549 4107 597 4172 sic
621 4108 886 4190 intelligendum,
911 4111 998 4190 quod
1020 4128 1186 4190 nunquam
1210 4115 1411 4179 concedatur
1428 4105 1487 4174 sibi

298 4209 464 4292 purgatio,
487 4210 564 4290 quia
586 4211 636 4276 sie
659 4218 712 4278 cst
731 4213 808 4296 jure
832 4231 891 4278 suo
907 4215 1069 4297 privatus
1086 4218 1173 4294 quod
1193 4215 1415 4282 testimonium
1430 4229 1487 4295 pro

294 4315 370 4396 jure
393 4313 544 4396 alterius,
568 4332 640 4379 oum
664 4315 709 4380 sit
732 4314 876 4400 infamis,
898 4316 987 4383 ferre
1011 4336 1076 4382 nou
1101 4323 1221 4398 potest.
