3275 5009
857 0 999 10 Λιισυινια

97 0 840 270 Γπ
949 16 956 24 ω

383 58 390 66 ·
611 60 645 76 ι,
865 68 871 70 ,

119 76 130 86 υ

351 524 592 590 oculos
639 525 954 604 aperiens
1004 528 1288 603 quatuor
1335 523 1631 605 parietes
1664 525 1907 622 sdomus
1957 523 2396 609 perspexerit,
2453 527 2774 590 bonorum

353 644 481 707 per
538 633 825 693 matrem
888 627 1274 695 relictorum
1336 628 1678 711 particeps
1727 626 1890 707 erit3
1955 644 2163 706 eoque
2225 626 2538 694 defuncto
2599 629 2779 695 bona

350 737 498 798 tam
546 730 745 813 pueri
797 749 993 819 quam
1037 733 1275 797 matris
1321 734 1409 797 ad
1451 737 1717 836 patrem
1758 731 2169 798 hereditarie
2213 730 2666 814 pertinebunt.

1390 314 1728 369 BrunenseS.
2657 315 2762 395 15l

582 888 728 953 351.
764 887 863 950 De
896 888 1252 952 hereditate
1287 887 1519 972 leyata.
1557 888 1835 955 Duabus
1867 887 2128 954 filiabus
2159 886 2505 953 hereditas
2528 886 2784 970 legata,

358 990 421 1055 si
446 1007 685 1056 earum
715 1010 847 1058 una
872 1009 1193 1075 scurram,
1224 991 1360 1058 alia
1391 995 1667 1074 probum
1694 991 1883 1058 duxit
1901 992 2149 1058 virum:
2184 1009 2260 1058 eo
2287 1009 2416 1056 non
2441 994 2776 1074 obstante,

358 1093 721 1161 hereditas
785 1095 935 1177 ipsa
996 1101 1067 1163 et
1124 1100 1299 1163 bona
1360 1098 1627 1164 mobilia
1689 1097 1873 1163 inter
1928 1096 2112 1179 ipsas
2171 1097 2368 1178 pleno
2406 1094 2561 1176 jnre
2608 1095 2787 1168 divi-1

358 1199 642 1282 dantur,
684 1200 839 1280 quia
887 1201 958 1267 in
1006 1206 1350 1284 potestate
1396 1202 1643 1269 viduae
1688 1202 1799 1270 vel
1842 1201 2064 1283 neptis
2114 1200 2473 1284 cujuslibet
2535 1199 2780 1267 civium

358 1308 493 1384 est,
540 1307 796 1370 nubere
843 1306 960 1372 vel
1006 1324 1139 1372 non
1182 1308 1463 1393 nubere„
1490 1305 1883 1384 cuicumque
1927 1305 2112 1388 velit,
2177 1307 2433 1386 absque¹
2475 1304 2782 1384 quolibet

361 1405 870 1488 impedimenta

581 1565 802 1637 352.a)
862 1565 957 1627 De
1002 1565 1411 1629 hereditaria
1443 1567 1839 1628 successione
1872 1574 2181 1647 quantum
2213 1564 2302 1626 ad
2330 1562 2684 1626 masculum
2724 1571 2786 1625 et

340 1665 706 1752 feminam.
769 1668 1057 1736 Mortuis
1119 1673 1511 1752 parentibus
1558 1671 1628 1737 in
1673 1670 1866 1737 bonis
1927 1689 2147 1736 eorum
2197 1666 2456 1735 relictis
2494 1667 2782 1734 heredes

360 1776 511 1838 tam
560 1770 867 1839 femellae
916 1792 1112 1855 quam
1157 1776 1435 1842 masculi
1474 1777 1587 1860 jus
1634 1775 2114 1842 hereditarium
2156 1773 2569 1840 obtinebunt.

591 1928 808 2013 352.b)
884 1929 1020 2013 De„
1062 1931 1400 1995 heredibus
1475 1940 1784 2016 quantum
1861 1931 1949 1993 ad
2027 1929 2385 2014 „vrlcund“.
2463 1927 2786 2013 Quamvis

363 2034 666 2100 heredes
713 2034 1105 2102 viventibus
1154 2036 1550 2116 parentibus
1596 2054 1798 2119 super
1840 2038 2015 2125 bona
2071 2033 2384 2116 ipsorum,
2450 2050 2621 2113 quae
2681 2032 2782 2097 eis

364 2137 818 2205 morientibus
888 2139 974 2205 ad
1044 2137 1228 2221 ipsos‘
1293 2140 1758 2221 devolvantur,
1819 2147 1942 2204 nec
1970 2133 2123 2222 'jus
2183 2156 2353 2219 quae
2408 2135 2787 2221 vulgariter

314 2258 318 2263 ·
370 2242 729 2325 „vrkund“
800 2242 1066 2324 dicitur,
1121 2246 1317 2327 dent,
1386 2264 1509 2310 nec
1571 2243 1986 2311 exactionem
2042 2261 2161 2310 seu
2224 2240 2783 2307 contributionem

366 2347 453 2413 de
489 2348 683 2413 bonis
715 2347 1094 2430 huJusmodi
1127 2351 1428 2416 solvant:
1462 2350 1686 2416 tamen
1718 2350 1937 2415 adhuc
1967 2349 2142 2414 bona
2166 2352 2475 2428 repetere
2501 2351 2787 2428 possunt

371 2451 795 2532 talia'pleno
837 2455 1008 2537 jure.

597 2609 816 2683 3520)
866 2609 968 2672 De
1001 2610 1383 2672 hereditatis
1422 2612 1841 2693 impetitione.
1883 2609 1957 2675 Si
1987 2570 2270 2675 heredes
2302 2612 2563 2692 petunt,
2593 2606 2782 2673 indu-

375 2711 553 2777 ciari
600 2714 851 2779 debent
874 2732 999 2794 per
1014 2714 1302 2798 judicem
1337 2720 1405 2781 et
1428 2714 1693 2797 juratos
1725 2733 1764 2780 a
1796 2714 2005 2797 primo
2031 2705 2282 2798 judicio
2309 2716 2396 2779 ad
2422 2714 2783 2779 secundum

377 2822 453 2881 et
499 2835 541 2881 a
589 2819 880 2883 secundo
926 2821 1014 2884 ad
1061 2819 1353 2902 tertium,
1390 2821 1568 2899 quod
1599 2818 1964 2901 inquirant,
1995 2835 2157 2898 quos
2183 2835 2308 2898 ,pro
2343 2816 2784 2898 occupatione

378 2921 708 2986 bonorum
755 2923 852 2986 ad·
890 2920 1073 3003 ipsos
1112 2922 1520 2995 hereditarie
1570 2923 2032 2989 devolutorum
2065 2922 2360 2988 habeant
2392 2927 2462 2987 et
2493 2922 2788 2987 debeant

379 3025 712 3107 impetere
758 3024 871 3091 via
906 3024 1099 3107 juris.

598 3173 744 3247 3534
790 3181 894 3244 De
938 3182 1279 3248 heredibus
1327 3184 1674 3269 adoptivis
1724 3181 2104 3249 Heredibus
2136 3200 2373 3248 carens
2406 3185 2630 3262 potest
2654 3179 2785 3246 sibi

385 3288 667 3366 puerum
736 3285 848 3352 vel
915 3304 1155 3367 pueros
1223 3286 1440 3354 virilis
1515 3287 1623 3354 vel
1690 3286 2031 3354 muliebris
2098 3303 2296 3352 sexus
2364 3287 2434 3352 in
2500 3288 2786 3354 heredes

384 3392 715 3473 adoptare
762 3397 832 3457 et
877 3391 1057 3474 ipsos
1105 3394 1422 3460 bonorum
1470 3411 1742 3459 suorum
1772 3410 2198 3458 successores
2245 3398 2316 3458 et
2362 3409 2787 3474 possessores

388 3496 823 3563 constituere.
869 3497 962 3562 Et
1008 3499 1233 3563 eodem
1283 3501 1470 3564 modo
1520 3499 1807 3564 heredes
1855 3498 2130 3579 habenS,
2164 3502 2389 3577 potest
2417 3495 2580 3576 ipsis
2614 3493 2786 3560 alios

387 3618 632 3680 pueros
681 3602 1048 3684 adjungere
1097 3607 1167 3668 et
1212 3621 1408 3684 pares
1456 3603 1539 3668 de
1577 3606 1732 3688 jure
1777 3601 2023 3685 facere,
2092 3599 2582 3666 contraditione
2630 3616 2782 3666 con-

390 3706 903 3787 sanguineorum
948 3725 1219 3772 suorum
1267 3707 1566 3786 qualibet
1612 3706 2019 3787 quiescente.
2100 3700 2109 3709 ’
2573 3722 2582 3728 ·

598 3860 745 3926 354.
797 3862 894 3924 De
938 3863 1348 3926 hereditaria
1412 3871 1803 3926 successione
1850 3862 1930 3924 ab
1979 3863 2306 3928 intestato,
2371 3861 2442 3927 Si
2503 3861 2785 3926 maritus

389 3960 756 4032 intestatus
803 3965 1194 4052 decesserit,
1239 3986 1511 4034 uxorem
1574 3965 1957 4047 relinquens
2000 3968 2068 4031 et
2110 3961 2477 4042 heredibus,
2527 3980 2786 4046 carenS,

390 4074 458 4134 et
501 4069 657 4150 ipsa
705 4070 904 4136 etiam
950 4071 1279 4138 intestata
1327 4071 1683 4138 moriatur:
1728 4073 1903 4137 bona
1935 4069 2104 4147 talia
2137 4074 2356 4150 potius
2387 4069 2474 4132 ad
2504 4072 2785 4133 matrem

394 4173 502 4238 vel
580 4178 838 4254 patrem
914 4177 1199 4243 relictae
1275 4193 1471 4257 quam
1545 4176 1631 4243 ad
1705 4172 1983 4263 fratrem
2055 4171 2279 4239 mariti
2344 4171 2789 4256 justicialiter

403 4275 859 4344 devolvantur.
950 4281 1031 4347 In
1105 4280 1387 4347 Juribus
1478 4279 1650 4346 enim
1736 4276 2192 4362 originalibus
2267 4276 2588 4344 scribitur
2655 4273 2787 4342 sic:
