3275 5009
280 340 332 395 134
789 334 955 389 Sententiae

280 545 439 614 creditori
472 549 645 613 absentem
679 561 850 628 quaerere,
884 561 958 610 oum
991 544 1100 625 possit
1133 562 1208 610 mox
1244 543 1462 626 fidejussorem

281 651 434 737 exigere;
467 651 556 716 unde
588 649 704 716 statim
738 653 819 734 aget
852 647 888 714 in
922 665 1005 715 eum.
1039 649 1086 716 Et
1120 647 1210 715 cirea
1238 648 1338 713 istun
1360 663 1463 712 cason

280 756 522 832 notandum,
545 754 633 834 quod
655 753 806 832 quamvis
830 751 952 832 aliquis
976 757 1089 820 certus
1112 752 1158 819 sit
1179 751 1261 818 mibi
1282 751 1337 817 vel
1358 749 1417 817 tibi
1431 755 1467 816 et

280 859 530 940 habeaturpro
554 860 646 924 oerto
670 860 706 922 et
730 874 796 922 non
818 854 948 940 petitur
970 859 1012 924 ab
1030 876 1068 924 eo
1088 856 1263 940 fidejussor
1277 855 1332 922 vel
1347 853 1465 935 aliquid

281 963 396 1041 simile,
418 961 495 1030 istis
517 979 583 1027 non
607 961 819 1029 contrabitur
841 960 1002 1044 obligatio
1025 965 1061 1028 et
1088 978 1149 1044 per
1176 978 1379 1042 consequens
1408 976 1465 1024 nee
1578 1029 1579 1034 ,

279 1065 460 1152 fidejussio,
492 1065 571 1147 quia
604 1069 698 1132 terta
730 1069 766 1132 et
797 1063 990 1146 specificata
1023 1066 1149 1147 valent,
1180 1083 1265 1146 quae
1295 1067 1376 1132 alias
1406 1081 1468 1129 non

280 1171 404 1240 valent.
425 1169 521 1252 Item,
544 1169 656 1235 nullus
672 1173 792 1250 potest
814 1168 916 1246 aliurn
939 1188 999 1252 pro
1014 1187 1052 1238 se
1068 1169 1274 1238 constituere
1290 1170 1469 1236 soluturum

280 1275 335 1345 vel
357 1273 594 1357 fidejussorem,
616 1273 682 1341 nisi
705 1273 904 1341 consentiat.

385 1428 496 1516 297.b)
518 1429 570 1491 De
584 1426 836 1512 fidejussoribus
856 1438 1010 1512 quantum
1026 1428 1283 1496 adnotationem.
1309 1427 1469 1512 Quidquid
1575 1494 1576 1498 ,

279 1535 457 1618 fidejussor
479 1554 537 1617 pro
560 1552 618 1601 reo
642 1533 791 1618 solverit,
822 1533 895 1618 ejus
921 1533 1141 1616 recuperandi
1172 1536 1274 1600 taust
1303 1533 1338 1600 in
1367 1532 1470 1614 ipsum
1575 1605 1577 1638 ἱ

282 1657 383 1726 agere
405 1641 526 1723 potest.
548 1638 644 1721 Item,
666 1637 843 1720 fidejussor
865 1639 1072 1721 quandoque,
1095 1642 1274 1717 antequam
1290 1629 1400 1704 solvat
1415 1655 1473 1718 pro
1575 1709 1576 1718 χ

282 1762 349 1828 reo,
370 1743 406 1809 in
427 1743 535 1824 ipsum
557 1760 659 1826 agere
683 1749 810 1824 potest:
838 1742 959 1825 Primo,
982 1742 1011 1808 si
1033 1743 1096 1809 hoo
1126 1741 1251 1808 dictum
1281 1746 1344 1822 est,
1372 1745 1409 1840 ut
1429 1741 1468 1806 ad

282 1856 413 1931 tempus
423 1850 591 1930 teneatur,
602 1845 659 1913 vel
669 1844 699 1912 si
714 1863 792 1912 reus
806 1845 910 1912 fuerit
926 1848 1197 1928 condempnatus,
1209 1845 1265 1912 vel
1280 1845 1310 1910 si
1326 1844 1472 1927 coeperit

281 1956 368 2021 bona
391 1968 452 2017 sua
474 1949 641 2032 dissipare
662 1968 757 2033 reus3
787 1949 842 2016 vel
865 1950 895 2017 si
918 1950 974 2017 diu
997 1949 1095 2016 stetit
1121 1950 1297 2034 fidejussor
1326 1949 1362 2015 in
1392 1948 1468 2014 0p11.
1574 1937 1575 1972 ³

282 2057 427 2140 gatione.
451 2054 546 2136 Item,
568 2053 745 2138 fidejussor
766 2056 964 2134 quandoque
989 2055 1076 2121 nullo
1103 2056 1198 2122 modo
1229 2071 1330 2138 agere
1355 2055 1473 2136 potest,

282 2164 329 2242 ut,
341 2159 371 2224 si
382 2176 442 2241 pro
454 2157 596 2241 minino,
614 2161 674 2223 aut
689 2158 836 2224 donandi
851 2158 970 2242 animo,
985 2165 1045 2224 aut
1061 2159 1095 2225 in
1111 2177 1179 2226 rem
1195 2177 1287 2225 suam
1303 2156 1469 2243 fidejussit.

281 2265 378 2345 Item,
400 2262 576 2346 fideJussor
599 2262 629 2331 si
652 2263 798 2346 petierit,
820 2268 1007 2343 exequatur
1029 2262 1122 2328 litem
1145 2268 1181 2329 et
1197 2262 1345 2330 debitum
1361 2263 1470 2347 exigat

283 2372 401 2434 eontra
431 2384 515 2448 eum,
548 2385 608 2447 pro
643 2385 706 2446 quo
740 2366 915 2451 fidejussit,
949 2366 1137 2434 actionibus
1167 2386 1188 2433 a
1217 2368 1383 2434 creditore
1412 2365 1474 2434 sibi

283 2470 397 2538 cessis.
420 2469 515 2554 Itern,
536 2469 566 2534 si
588 2470 737 2536 creditor
758 2469 936 2554 ignorante
967 2468 1022 2536 vel
1053 2487 1212 2553 expresse
1243 2488 1308 2536 non
1339 2489 1480 2538 consen.
1575 2505 1576 2556 ᾗ

282 2573 391 2642 tiente
413 2571 618 2655 fideJ'ussore,
641 2573 817 2639 terminum
841 2573 985 2641 debitori
1008 2574 1051 2640 ad
1073 2573 1260 2640 faciendam
1282 2575 1471 2642 solutionem

282 2681 446 2745 statutum
469 2678 703 2762 prorogaverit
725 2682 760 2743 et
782 2677 959 2760 fidejussor
980 2696 1042 2760 per
1063 2675 1207 2760 iuratum
1231 2696 1291 2744 seu
1307 2679 1473 2746 scabinum
1575 2685 1576 2718 ³

283 2781 482 2849 creditorem
505 2783 548 2848 de
570 2783 633 2847 hoo
655 2781 857 2848 convicerit:
879 2781 1079 2871 liberabitur
1094 2784 1136 2848 ab
1153 2785 1275 2850 eodem.
1299 2781 1362 2868 (Et
1377 2783 1474 2848 debet-

282 2903 364 2970 ergo
386 2886 449 2952 hoo
471 2885 696 2952 testimonium
721 2904 781 2967 per
803 2885 976 2953 scabinum
999 2885 1081 2969 fieri,
1108 2886 1185 2966 quia
1207 2885 1300 2954 fraus
1323 2890 1359 2953 et
1381 2885 1472 2952 dolus

283 2989 459 3058 consuevit
480 2990 516 3056 in
538 2990 664 3056 talibus
687 2988 880 3077 interponi.)

387 3129 464 3194 297.
486 3127 539 3192 De
553 3128 806 3215 fidejussoribus
837 3138 991 3212 quantam
1014 3130 1058 3192 od
1081 3129 1261 3198 terminum.
1290 3130 1385 3213 Item,
1408 3145 1475 3195 cre·

283 3232 392 3298 ditore
415 3231 591 3298 terminum
614 3233 758 3300 debitori
781 3250 817 3299 se
837 3233 1055 3318 prolongasse
1070 3237 1217 3317 negante
1234 3238 1269 3300 et
1284 3235 1474 3319 fidejussore

284 3337 326 3403 de
349 3336 510 3420 promisso
540 3338 731 3419 confitente,
763 3337 1030 3418 creditoremque
1065 3340 1106 3405 de
1138 3339 1279 3403 termino
1311 3339 1388 3404 dato
1418 3353 1474 3417 per

285 3445 406 3524 testes²
429 3458 618 3507 communes
640 3443 799 3526 homines,
817 3443 954 3509 vincere
970 3461 1035 3509 non
1052 3445 1198 3525 potente,
1213 3441 1386 3524 pecuniam
1401 3441 1476 3506 lide-

280 3543 439 3628 jussionis
463 3543 528 3610 sibi
550 3545 677 3628 solvet3
711 3548 777 3625 qna
810 3546 929 3627 soluta,
960 3545 990 3612 si
1021 3551 1139 3628 postea
1162 3547 1204 3613 de
1230 3545 1340 3626 aliquo
1375 3544 1475 3610 habet

285 3666 360 3714 eum
381 3649 555 3729 inpetere,
579 3649 642 3714 hoe
665 3646 769 3716 iaoiet
791 3649 848 3716 viat
866 3649 961 3731 juris.

567 3839 814 3921 Capitulum
836 3839 988 3907 XXVII:
1015 3840 1075 3907 De
1097 3838 1207 3924 fuga.
1309 3872 1311 3875 ·

389 3979 461 4041 298.
486 3987 516 4040 at
539 3979 613 4042 299.
641 3978 692 4043 Da
704 3977 789 4064 fuya
805 3977 1003 4063 resupinae.
1028 3977 1092 4062 Qui
1106 3980 1231 4065 juratis
1251 3984 1286 4046 et
1302 3976 1473 4062 fidedignis

284 4081 367 4150 viris
392 4081 584 4150 videntibus
608 4083 768 4167 jndieinm
801 4082 980 4164 insequens
1014 4082 1111 4166 fugit,
1144 4081 1309 4166 fugitivus
1344 4081 1474 4158 dicitnm

285 4186 342 4268 qui
366 4191 476 4253 autem
499 4187 740 4272 perjudicium
762 4187 937 4268 quaesitus
960 4206 1025 4254 non
1048 4191 1101 4254 est
1119 4187 1285 4270 inventus,
1301 4188 1357 4255 vel
1372 4200 1473 4253 noran

284 4289 409 4374 judicio
433 4291 557 4357 oitatus
581 4296 616 4358 et
639 4293 864 4373 proclamatus
887 4309 953 4358 non
975 4292 1091 4358 statim
1118 4296 1298 4376 comparet,
1330 4309 1395 4358 non
1423 4289 1475 4354 est
