3275 5009
1323 357 1659 410 BrunenseS.
2583 360 2687 413 227

268 563 564 648 gravius
631 582 704 630 se
767 564 1185 650 expurgabit,
1247 583 1441 646 quam
1503 567 1695 632 homo
1767 565 2127 646 communis
2199 584 2329 632 non
2391 568 2698 651 juratus;

273 668 342 734 in
400 687 620 737 causa
667 671 994 736 duntaxat
1041 669 1306 749 aequali
1351 669 1759 736 consimilem
1808 669 1865 735 si
1900 669 2185 736 moverit
2220 671 2698 750 quaestionem.

493 825 653 890 608.
688 825 787 887 De
819 825 1366 908 querimoniarum
1397 825 1961 910 multiplicatione.
1999 827 2236 893 Utrum
2267 825 2459 891 homo
2497 826 2700 907 impe-

269 929 440 995 titus
490 947 621 1011 pro
669 928 916 995 debitis
966 947 1087 1011 per
1125 933 1271 997 tres
1318 930 1532 1013 possit
1580 929 2033 1011 querimonias
2080 933 2213 995 una
2258 929 2696 1011 responsione

267 1033 585 1116 generali
633 1033 779 1100 sine
824 1033 1253 1116 praejudicio,
1300 1033 1397 1099 ita
1443 1036 1617 1114 quod
1653 1052 1919 1100 causam
1961 1051 2092 1099 non
2124 1035 2383 1115 perdat,
2417 1051 2694 1113 respon·

275 1138 440 1202 dere
462 1136 495 1202 t>
533 1139 647 1203 Ad
679 1139 853 1218 quod
888 1137 1376 1204 dicendum:
1411 1137 1598 1221 Quod
1632 1137 1691 1203 si
1724 1155 1879 1202 reus
1912 1136 2347 1217 responsione
2383 1137 2697 1219 exprimit

274 1243 592 1325 verbum,
639 1245 812 1321 quod
860 1241 1146 1307 includit
1192 1241 1640 1308 universalem
1688 1241 2130 1324 negationem,
2178 1241 2353 1306 sicut
2400 1259 2460 1306 v.
2508 1261 2605 1323 gr.
2637 1243 2696 1307 si

272 1344 448 1410 dicit
520 1345 776 1428 „nichil
840 1347 1137 1422 teneor“,
1183 1346 1356 1412 bene
1401 1347 1767 1427 respondet
1814 1351 1885 1410 et
1930 1363 2199 1410 causam
2259 1363 2391 1411 non
2438 1345 2695 1428 perdit3

275 1448 402 1514 hoc
452 1468 596 1515 non
644 1452 980 1532 obstante,
1027 1456 1105 1515 ut
1147 1449 1365 1514 tribus
1414 1449 1841 1530 querimoniis
1888 1452 2081 1515 actor
2127 1447 2528 1531 satisfaciat,
2575 1469 2697 1531 per.

274 1553 413 1618 tria
439 1554 835 1637 juramenta
866 1571 939 1619 se
973 1553 1394 1636 expurgabit.
1427 1553 1519 1618 Et
1544 1553 1670 1618 hoc
1695 1552 2021 1635 intellige,
2049 1553 2107 1618 si
2130 1559 2323 1618 actor
2345 1552 2695 1637 petiverit;

277 1655 337 1721 si
384 1659 686 1724 tacendo
732 1657 856 1723 hoc
904 1656 1319 1738 transiverit,
1367 1675 1521 1722 reus
1555 1659 1935 1741 juramento
1970 1655 2255 1736 simplici
2286 1656 2693 1723 absolvetur.

579 1845 1080 1927 Capitulum
1128 1845 1352 1911 LVII:
1400 1845 1522 1910 De
1569 1843 2414 1912 renuntiationibus.

491 1985 649 2050 609.
721 1985 820 2046 De
883 1985 1474 2048 renuntiationibus
1537 1988 1609 2046 in
1666 2005 1909 2067 qaaere.
1985 1983 2184 2049 Licet
2252 1984 2399 2064 jure
2468 1985 2691 2052 divino

287 2085 479 2152 homo
514 2091 856 2172 teneatur,
886 2091 1173 2155 humano
1209 2091 1356 2174 jure
1395 2088 1609 2171 possit
1657 2086 1969 2171 injuriam
2016 2094 2085 2153 et
2131 2087 2444 2154 offensam
2492 2090 2692 2155 alteri

278 2189 654 2276 dimittere,
699 2212 846 2259 cum
892 2193 1166 2260 cuilibet
1220 2193 1478 2260 licitum
1541 2193 1633 2258 sit
1689 2194 1927 2259 cedere
1990 2199 2061 2257 et
2120 2193 2491 2258 renuntiari
2554 2193 2693 2275 juri

282 2307 436 2361 suo:
498 2301 731 2363 tamen
792 2297 863 2363 in
910 2297 1132 2363 causis
1195 2298 1669 2377 criminalibuS,
1728 2295 1907 2363 sicut
1966 2294 2340 2379 homicidia,
2383 2297 2692 2364 vulnera-

280 2396 525 2484 tiones,
575 2399 758 2466 furta
803 2407 874 2466 et
921 2401 1200 2468 crimina
1247 2401 1632 2483 consimilia,
1679 2400 1922 2480 quibus
1969 2417 2103 2464 non
2149 2400 2359 2466 solum
2406 2419 2695 2483 persona

283 2499 601 2587 laeditur,
624 2505 745 2570 sed
775 2507 982 2572 etiam
1006 2504 1331 2591 judicium
1365 2505 1861 2587 contempnitur
1893 2509 1966 2571 et
1996 2523 2129 2586 pax
2160 2505 2350 2587 regia
2381 2505 2694 2588 violatur,

281 2611 473 2672 actor
549 2611 749 2675 debet
819 2609 1125 2676 adminus
1185 2609 1666 2690 querimoniam
1724 2610 1811 2674 ad
1863 2608 2161 2693 judicem
2207 2608 2504 2690 deferre3
2564 2611 2691 2678 hoc

281 2711 460 2777 enim
506 2711 713 2796 factu,
759 2714 947 2781 salvo
987 2715 1140 2798 jure
1178 2714 1445 2798 judiciS,
1494 2730 1842 2779 excessum
1890 2731 2005 2788 reo
2052 2712 2402 2795 indulgere
2450 2719 2691 2796 potest.

499 2861 652 2927 610.
719 2860 814 2923 De
860 2859 1452 2923 renuntiationibus
1503 2865 1574 2921 in
1619 2860 1955 2925 communi.
2017 2858 2090 2926 Si
2151 2859 2391 2938 aliquis
2450 2860 2691 2926 civium

288 2965 408 3028 sub
458 2963 819 3047 privilegio
867 2983 940 3031 se
988 2965 1247 3049 obligat
1288 2964 1398 3034 vel
1427 2962 1776 3030 renuntiat
1808 2979 1881 3027 se
1912 2961 2209 3029 futurum
2244 2962 2353 3029 vel
2384 2964 2695 3031 daturum

292 3064 414 3132 hoc
461 3069 647 3154 (tali)
712 3067 1017 3152 termino,
1080 3075 1150 3135 et
1213 3088 1344 3136 non
1405 3067 1666 3150 fecerit,
1727 3071 1797 3132 et
1859 3067 1917 3131 si
1979 3066 2138 3131 talis
2201 3065 2522 3150 obligatio
2585 3068 2694 3137 vel

295 3173 704 3238 renuntiatio
749 3173 972 3257 tangit
1017 3173 1508 3240 communitatis
1555 3173 1901 3238 honorem:
1949 3169 2113 3252 ipse,
2168 3170 2330 3236 licet
2381 3173 2462 3237 de
2507 3172 2690 3239 facto

295 3272 553 3360 fecerit,
613 3281 829 3342 ratam
876 3282 947 3343 et
993 3284 1256 3358 gratam
1319 3294 1593 3344 servare
1659 3293 1792 3340 non
1858 3273 2276 3355 compellitur
2338 3274 2483 3356 ipso
2522 3276 2694 3359 Jure‚

297 3378 425 3454 nisi
469 3381 656 3449 velit.
708 3381 816 3447 Ex
869 3381 1000 3448 hiis
1049 3382 1700 3457 sententiatum
1746 3382 1913 3445 est:
1963 3377 2155 3460 Quod
2199 3396 2332 3443 non
2377 3381 2691 3448 obstante

300 3483 710 3568 privilegiati
757 3484 1100 3569 petitione,
1147 3504 1320 3566 quae
1349 3485 1669 3552 fundatur
1700 3501 1902 3564 super
1934 3481 2301 3563 praemisso
2337 3482 2690 3568 privilegio

299 3591 370 3650 et
403 3586 559 3669 jure
602 3587 672 3655 in
717 3587 1015 3655 favorem
1085 3608 1410 3671 personae
1481 3606 1816 3671 concesse,
1875 3586 2199 3671 judicium
2269 3587 2567 3655 civitatis
2623 3591 2693 3654 et

303 3694 659 3758 secundum
701 3692 978 3759 formam
1019 3693 1189 3777 jnris
1238 3699 1308 3759 et
1353 3691 1697 3776 privilegii
1741 3690 1812 3757 in
1862 3689 2161 3757 favorem
2200 3691 2692 3758 communitatis

302 3791 569 3877 (quibus
597 3814 883 3879 persona
907 3797 1295 3864 renuntiare
1321 3815 1452 3863 non
1476 3794 1730 3880 potuit)
1760 3812 2221 3862 concessorum
2245 3796 2446 3861 debet
2467 3796 2690 3878 prohi-

302 3898 474 3984 bere,
521 3919 605 3966 ne
648 3900 882 3968 taliter
926 3918 1000 3967 se
1048 3901 1351 3985 obligans
1412 3899 1809 3984 promissum
1867 3898 2298 3983 obligationis
2360 3900 2693 3982 compleat

302 4006 372 4067 et
411 4005 745 4072 refundat.
812 4004 884 4070 Si
928 4009 1149 4072 autem
1217 4005 1599 4075 voluntarie
1669 4005 2000 4085 complere
2074 4003 2383 4088 voluerit,
2454 4004 2690 4070 admit-

304 4107 514 4191 tatur;
558 4109 689 4175 nisi
735 4110 913 4176 enim
949 4110 1061 4194 jus
1109 4117 1180 4178 et
1226 4109 1652 4194 privilegium
1699 4107 2191 4175 communitatis
2240 4110 2558 4192 obstaret,
2605 4110 2693 4174 ad

302 4216 697 4282 servandum
741 4214 1138 4296 promissum
1191 4214 1572 4280 litterarum
1636 4230 1910 4280 suarum
1969 4217 2156 4279 esset
2202 4211 2474 4305 „iudicio
2520 4230 2689 4280 com·

306 4316 660 4393 pellendus.
708 4316 832 4405 (Et
877 4324 984 4386 est
1028 4318 1260 4404 simile,
1291 4338 1439 4386 cum
1460 4317 1572 4401 Jus
1614 4319 1866 4384 habeat
1899 4335 2261 4395 commune,
2294 4320 2468 4413 quod
2500 4334 2693 4411 nemo

2394 4439 2492 4491 15*
