3275 5009
503 308 572 361 50
1533 300 1861 356 Sententiae

503 514 596 580 Et
627 515 798 581 tales
845 518 1098 580 meatus
1142 513 1321 595 apud
1367 512 1726 596 magistros
1769 510 2332 577 molendinatores
2372 508 2886 575 determinatam

505 621 861 686 secundum
935 617 1360 684 latitudinem
1433 621 1505 684 et
1575 615 2097 698 perfunditatem
2168 615 2420 682 habent
2494 631 2891 696 mensuram,

505 740 700 802 quam
775 723 1101 791 habentes
1167 720 1584 788 hereditates
1651 720 1722 786 in
1786 720 2114 797 litoribuS,
2180 719 2553 804 hujusmodi
2622 724 2887 784 meatus

506 844 720 908 aquae
749 827 1164 919 continguas,
1201 845 1327 893 nec
1357 825 1771 909 ampliabunt
1816 843 1941 892 nec
1988 824 2437 906 compriment,
2480 823 2611 889 imo
2658 823 2720 889 si
2766 839 2885 903 per

502 950 824 1013 aquarum
867 931 1366 997 inundationem
1413 935 1610 1012 rupta
1655 929 1880 1012 fuerit,
1924 927 2201 995 fossatis
2240 928 2548 1013 purgatis
2604 929 2885 994 eandem

502 1037 871 1104 omnimodo
914 1034 1389 1118 reformabunt,
1447 1034 1626 1100 sicut
1679 1034 1992 1101 emendas
2053 1051 2175 1115 per
2233 1035 2647 1100 voluntatem
2701 1033 2885 1115 Jura-

501 1145 719 1206 torum
767 1140 863 1206 eis
910 1140 1259 1221 impositas
1306 1139 1644 1207 voluerint
1691 1139 2048 1206 declinare.

713 1297 811 1365 77.
843 1295 1022 1384 (ΒΥ.)
1070 1296 1170 1361 De
1215 1318 1387 1381 aqua
1409 1293 2064 1380 pluviali,qu·antum
2096 1294 2187 1357 ad
2214 1295 2459 1356 vicinos
2493 1292 2890 1358 ordinarios·

503 1403 671 1469 Tres
718 1401 941 1486 vicini,
988 1419 1139 1483 cum
1180 1402 1250 1468 in
1294 1403 1580 1482 quadam
1639 1399 2033 1467 declivitate
2094 1397 2431 1466 ordinarie
2489 1396 2889 1476 residerent,

504 1512 574 1572 et
622 1505 903 1587 quilibet
964 1523 1189 1572 eorum
1255 1523 1493 1586 aquam
1551 1505 1913 1586 pluvialem
1971 1505 2155 1572 intra
2214 1508 2409 1584 septa
2469 1500 2888 1585 superiorum

503 1629 769 1677 suorum
809 1610 1274 1688 aedificiorum,
1306 1627 1389 1675 ne
1425 1609 1642 1677 vicino
1675 1618 1968 1692 noceret,
2006 1626 2247 1691 capere
2281 1609 2577 1690 deberet,
2623 1603 2882 1673 medius

503 1733 652 1782 cum
692 1714 995 1782 inferiori
1046 1734 1161 1797 pro
1207 1732 1412 1781 censu
1458 1715 1795 1781 nominato
1842 1718 2085 1795 pactus
2130 1716 2255 1795 est,
2315 1713 2491 1792 quod
2544 1728 2719 1791 aqua
2766 1726 2889 1773 sua

502 1819 574 1886 in
647 1819 899 1886 curiam
975 1817 1115 1901 eJus
1189 1818 1446 1885 flueret.
1521 1817 1709 1901 Quod
1771 1836 1916 1885 cum
1976 1817 2282 1899 superior
2342 1814 2758 1897 percepisset
2817 1818 2889 1878 et

421 1956 424 1967 ·
499 1942 677 2004 aqua
737 1925 819 1990 de
873 1922 1088 1990 medio
1145 1924 1231 1988 ad
1289 1922 1672 2012 inferiorem
1731 1922 1879 2005 plus
1938 1938 2139 2002 quam
2196 1937 2373 1986 anno
2431 1917 2890 1998 transivisset,

502 2027 842 2096 ordinavit
887 2045 1035 2094 cum
1078 2026 1290 2093 medio
1352 2045 1554 2108 super
1609 2026 1793 2093 fluxu
1852 2043 2068 2107 aquae
2128 2041 2311 2107 suae,
2370 2024 2549 2090 sicut
2609 2027 2681 2088 et
2744 2022 2893 2104 ipse

502 2133 758 2199 medius
807 2131 991 2215 prius
1037 2131 1470 2198 ordinaverat
1515 2149 1665 2198 cum
1708 2135 2023 2196 extremo.
2084 2129 2472 2195 Postremus
2534 2145 2717 2210 ergO,
2782 2125 2896 2206 qui

499 2239 605 2300 est
651 2234 943 2317 inferior,
988 2253 1198 2318 agens
1243 2234 1314 2300 in
1355 2233 1661 2316 medium,
1711 2234 1951 2317 petivit
1995 2253 2115 2316 pro
2162 2251 2235 2299 se
2277 2232 2696 2315 sententiari,
2740 2249 2891 2297 cum

501 2339 646 2422 ipse
690 2343 952 2406 tantum
995 2340 1080 2404 de
1126 2358 1297 2420 aqua
1328 2357 1446 2406 sua
1479 2357 1704 2406 secum
1736 2338 2175 2421 ordinaverit,
2206 2342 2431 2405 utrum
2463 2337 2608 2419 ipse
2640 2335 2887 2402 fluxum

500 2461 719 2524 aquae
773 2442 1138 2525 superioris
1198 2443 1403 2511 vicini
1465 2445 1670 2512 etiam
1729 2461 1970 2527 capere
2031 2446 2295 2526 debeat,
2355 2460 2499 2510 cum
2558 2441 2630 2506 in
2691 2444 2889 2522 pacto

502 2547 684 2614 inter
726 2548 939 2629 ipsum
987 2551 1057 2614 et
1098 2547 1387 2614 medium
1431 2547 1611 2615 facto
1659 2567 1787 2614 non
1832 2546 2038 2614 fuerit
2086 2549 2168 2616 de
2213 2548 2339 2614 hoc
2384 2550 2671 2613 cautum.

713 2651 928 2733 Super
974 2670 1099 2732 quo
1147 2651 1616 2719 diffinitum
1664 2654 1787 2734 es't,
1856 2654 2033 2733 quod
2078 2658 2279 2733 pacta
2325 2669 2410 2719 ex
2454 2647 2897 2717 conventione

501 2757 718 2840 legem
763 2755 1114 2838 accipiant,
1162 2759 1333 2836 quod
1378 2757 1586 2824 solum
1630 2756 1890 2824 medius
1937 2757 2152 2828 debet,
2192 2773 2431 2836 aquam
2492 2772 2681 2820 suam
2742 2769 2893 2835 pro-

502 2861 731 2943 priam,
777 2866 848 2925 et
890 2877 1023 2928 uon
1067 2860 1272 2926 vicini
1317 2862 1420 2926 sui
1464 2860 1849 2944 superioris,
1892 2861 1961 2926 in
2006 2860 2284 2926 fundum
2329 2859 2666 2926 inferioris
2715 2857 2898 2924 deri-

502 2983 683 3033 vare.
743 2964 836 3030 Et
896 2964 955 3029 si
1015 2964 1319 3046 promisit
1378 2966 1631 3032 medius
1695 2966 2025 3047 superiori
2085 2983 2322 3046 aquam
2388 2984 2576 3032 suam
2636 2979 2895 3044 capere,

503 3086 649 3133 eam
722 3067 946 3150 capiat
1019 3068 1164 3134 sine
1240 3070 1475 3135 damno
1548 3070 1905 3153 inferioriS,
1979 3071 2091 3137 vel
2156 3071 2371 3153 ipsam
2439 3068 2616 3136 infra
2679 3070 2893 3132 metas

501 3188 660 3237 suas
705 3171 999 3239 retineat
1042 3170 1152 3237 vel
1198 3171 1367 3239 alias
1413 3175 1674 3257 educat,
1719 3193 1802 3241 ne
1849 3175 2150 3242 interiori
2197 3175 2290 3240 sit
2335 3172 2589 3245 nociva.

714 3347 812 3409 78.
841 3343 1012 3430 (Br.)
1038 3345 1141 3409 Do
1169 3367 1340 3429 aqua
1361 3344 1660 3430 pluviali
1681 3358 1741 3412 et
1763 3348 2134 3413 stillicidiis
2158 3349 2229 3412 in
2254 3346 2575 3428 aedeficiis
2598 3343 2895 3411 villanis.

501 3449 573 3515 Si
603 3441 687 3514 'in
732 3449 929 3531 villis,
976 3449 1091 3515 ubi
1136 3467 1255 3531 pro
1301 3449 1666 3518 stillicidiis
1710 3456 2041 3519 tectorum
2086 3451 2480 3535 interstitia,
2519 3447 2901 3535 vulgariter

499 3570 668 3618 wer
713 3553 896 3620 dicta
942 3553 1033 3636 (m
1052 3571 1088 3619 e
1107 3553 1368 3632 zirka,
1401 3555 1668 3636 raych
1687 3555 1813 3642 en)
1854 3556 2301 3640 dimittuntur,
2334 3555 2599 3624 vicinus
2632 3553 2896 3621 exaltat

502 3660 754 3724 tectum
799 3675 1000 3739 super
1058 3662 1309 3724 tectum
1367 3658 1590 3740 vicini,
1652 3678 1894 3727 cavere
1940 3663 2160 3744 debet,
2206 3679 2291 3727 ne
2338 3651 2566 3727 stillae
2614 3662 2893 3727 descen·

503 3759 744 3826 dentes
789 3764 1043 3827 tectum
1088 3760 1425 3828 inferioris
1471 3766 1788 3846 tangant3
1846 3765 2140 3846 alioquin
2186 3764 2405 3832 stillas
2468 3766 2741 3831 easdem
2804 3762 2892 3826 ad

505 3866 791 3930 stratam
866 3864 1199 3946 publicam
1270 3883 1387 3947 per
1455 3866 1689 3933 canale
1758 3871 2087 3936 deducere
2164 3868 2620 3953 compelletur.
2694 3867 2892 3934 Unde

503 3970 724 4050 nota,
769 3969 943 4048 quod
986 3986 1160 4048 aqua
1204 3967 1518 4050 pluvialis
1565 3969 1831 4056 dicitur,
1882 3990 2054 4053 quae
2101 3974 2184 4039 de
2231 3979 2389 4040 aere
2437 3971 2644 4054 cadit,
2705 3976 2776 4038 et
2838 3970 2900 4038 si

503 4070 620 4136 illa
663 4072 1067 4138 naturaliter
1112 4077 1368 4155 noceat,
1415 4075 1500 4139 de
1542 4073 1693 4157 ipsa
1736 4079 1902 4143 tunc·
1944 4076 2121 4143 actio
2169 4096 2301 4146 non
2348 4078 2624 4145 dabitur
2670 4075 2891 4144 vicino

503 4178 737 4242 contra
781 4174 1089 4259 vicinum,
1135 4193 1259 4243 nec
1303 4175 1505 4244 alteri
1549 4178 1805 4259 cuique.
1866 4180 1938 4248 Si
1982 4187 2206 4248 autem
2251 4182 2410 4248 talis
2469 4185 2648 4263 aqua
2694 4198 2897 4263 opere

502 4297 701 4345 manu
742 4279 921 4346 facto
966 4285 1223 4359 noceat,
1268 4282 1629 4350 secundum
1689 4287 1862 4366 quod
1921 4285 2184 4354 vicinus
2246 4286 2500 4369 aliquid
2561 4288 2899 4370 aedificet,
