3275 5009
248 459 298 511 118
762 455 927 509 Sententiae
984 515 986 518 ,

351 663 597 745 Capitulum
617 661 1337 730 1111111111111311111111111131113.

351 804 423 870 alo.
446 803 536 887 (Br.)
561 802 739 885 Ol'ficiales,
762 803 818 882 qui
841 802 1070 869 communitati
1093 801 1244 868 civitatis
1269 805 1303 868 et
1316 801 1441 886 jndicio

249 907 411 987 serviunt,
426 907 609 991 cujusmodi
624 911 703 972 sunt
717 907 911 990 scriptores,
927 907 1127 991 subjudices,
1142 907 1265 989 bidelli,
1280 924 1440 988 precones

250 1016 284 1077 et
307 1010 505 1092 consimiles
528 1011 632 1076 solum
652 1010 761 1094 jurati
782 1012 908 1076 debent
932 1010 1066 1093 eligere,
1090 1015 1243 1077 statuere
1267 1011 1320 1077 vel
1340 1010 1440 1076 desti·

37 1096 48 1176 J'
153 1148 155 1151 ·
246 1120 352 1198 tuere,
375 1115 464 1182 sicut
486 1117 571 1180 bono
595 1115 757 1181 communi
780 1114 927 1180 viderint
944 1114 1110 1196 expedire.
1135 1113 1302 1182 Officiales
1322 1121 1442 1198 autern,

246 1220 365 1300 quibus
389 1237 450 1301 per
473 1237 509 1285 se
529 1220 635 1303 Judex
656 1218 787 1301 indiget
815 1223 850 1284 ct
872 1237 954 1298 quos
977 1237 1063 1300 pane
1086 1237 1146 1284 suo
1169 1218 1290 1302 pascit,
1321 1238 1382 1301 per
1405 1237 1443 1285 se

246 1324 351 1407 eligit,
373 1327 482 1390 mutat
504 1330 541 1389 et
563 1323 693 1400 statuit,
716 1325 848 1402 quando
872 1341 951 1389 suae
974 1322 1139 1404 placuerit
1161 1322 1338 1390 voluntati.

415 1475 417 1478 r
498 1511 744 1594 Capitulum
767 1512 887 1578 XXII:
912 1513 970 1578 De
994 1512 1194 1578 amendia.

349 1655 423 1716 217.
450 1652 501 1714 Dc
524 1653 664 1715 cotendis
687 1653 721 1714 c'a
742 1674 865 1736 peracre.
886 1653 1053 1720 Emendas
1084 1673 1104 1718 a
1130 1660 1223 1719 certo
1253 1671 1310 1719 reo
1340 1652 1443 1729 judex

246 1757 362 1825 statim
384 1757 479 1823 finito
497 1756 625 1842 judicio
649 1757 800 1838 recipere
823 1775 888 1823 non
912 1760 1020 1834 debet,
1038 1757 1066 1823 si
1082 1757 1185 1839 petit3
1202 1758 1261 1823 sed
1277 1756 1442 1822 induciari

245 1865 346 1928 debet
358 1880 419 1943 per
430 1860 513 1926 XIV
526 1861 607 1929 dies
620 1862 666 1927 Et
679 1863 825 1944 scriptor
835 1860 949 1945 judicii
963 1861 1144 1946 diligenter
1151 1861 1237 1928 tales
1251 1861 1442 1928 conscribat

245 1971 281 2032 et
303 1972 433 2048 partem
456 1969 499 2031 ad
522 1966 695 2032 civitatem
719 1965 895 2031 debentem
919 1983 977 2032 suo
994 1971 1142 2046 tempore
1158 1963 1264 2030 faciat
1280 1953 1441 2044 magistro

245 2071 365 2137 civium
390 2064 574 2154 assignare.

351 2228 427 2291 218.
454 2235 484 2288 et
507 2226 581 2294 219.
603 2224 654 2287 Dc
676 2226 818 2288 emendis
842 2226 1008 2290 remandes.
1033 2225 1132 2291 Licet
1153 2224 1443 2305 incompositione

244 2331 413 2398 homicidii
443 2330 472 2395 L
499 2331 630 2396 talenta
659 2330 841 2395 secundum
871 2327 958 2394 viam
986 2329 1072 2412 juris
1103 2331 1145 2394 ad
1176 2327 1278 2393 XXX
1312 2347 1441 2395 mareas

243 2439 412 2517 taxentur,
446 2439 559 2500 tamen
591 2435 627 2498 iu
659 2432 736 2499 aliis
767 2431 914 2498 emendis
947 2432 1110 2498 talentum
1142 2438 1195 2498 est
1225 2437 1355 2502 tantum
1382 2451 1442 2513 pro

243 2539 368 2622 XXgr.
378 2535 888 2619 computandumEtsecundum
899 2537 1132 2603 hoctaxantur
1143 2537 1257 2618 plures
1271 2539 1440 2618 emendae,

243 2661 329 2725 quae
353 2641 483 2708 nomine
499 2644 702 2707 talentorum
716 2640 752 2706 in
766 2639 915 2724 Legibus
931 2640 969 2727 (J
970 2641 1098 2722 unibus)
1115 2641 1343 2724 originalibus
1364 2643 1442 2707 sunt

244 2747 463 2829 conscriptae.
487 2745 541 2810 Et
563 2749 674 2826 note,
690 2746 776 2825 quod
792 2743 930 2811 inomni
947 2748 1085 2811 emenda
1101 2750 1155 2810 est
1170 2746 1282 2829 gratia
1297 2745 1438 2811 maxime

243 2857 381 2934 propter
402 2851 530 2917 senium
553 2850 608 2916 vel
630 2848 807 2915 femineum
830 2866 943 2915 sexum
967 2847 1129 2915 facienda.

349 3010 425 3072 220.
441 3007 531 3094 (Br.)
546 3007 598 3069 De
613 3007 923 3089 emcadiequantom
940 3007 984 3069 od
1000 3007 1240 3090 querimoniam.
1258 3003 1322 3088 Qui
1333 3004 1439 3087 minio,

242 3113 436 3196 terroribus,
464 3123 525 3178 aut
547 3129 754 3191 quecumque
777 3109 930 3191 potentia
959 3129 1019 3176 seu
1050 3108 1265 3193 suggestione
1299 3125 1439 3188 conque-

242 3222 355 3282 rentes
378 3218 432 3283 vel
455 3215 613 3297 conqueri
634 3218 674 3281 de
691 3214 823 3299 injuriis
840 3219 875 3280 et
892 3213 1062 3279 violentiis
1082 3213 1146 3279 sibi
1166 3213 1267 3279 factis
1285 3214 1436 3280 volentes

243 3321 347 3386 silere
374 3320 576 3401 compellunt
605 3320 659 3385 vel
689 3319 861 3401 inducunt,
894 3322 927 3383 et
960 3318 1009 3384 sie
1035 3317 1180 3400 judicem
1205 3335 1263 3383 suo
1283 3318 1360 3400 jure
1384 3318 1437 3382 de·

242 3425 418 3491 fraudant:
440 3424 516 3489 illas
540 3426 707 3505 emendae,
729 3441 815 3502 quas
828 3423 935 3505 jurati
951 3422 1179 3506 magnitudine
1199 3420 1254 3487 vel
1270 3421 1438 3504 parvitate

244 3548 427 3612 causarum,
461 3531 500 3594 de
536 3527 655 3607 quibus
692 3528 863 3592 habebant
901 3527 1067 3610 conqueri,
1106 3524 1319 3592 considerata
1356 3525 1438 3607 ipsis

241 3634 471 3717 imposuerint,
493 3634 625 3698 solvere
652 3634 866 3697 tenebuntur.

346 3737 431 3822 (Pr.)
450 3735 514 3821 Qui
529 3735 613 3802 alios
630 3750 834 3815 quocumque
850 3736 944 3800 modo
960 3734 1118 3813 conqueri
1140 3753 1206 3800 non
1228 3733 1435 3816 permittunt,

239 3841 372 3907 solvent
409 3842 581 3930 emendam
616 3837 664 3903 eis
700 3857 760 3919 per
788 3841 916 3922 juratos
955 3840 1135 3904 secundum
1172 3837 1434 3924 magnitudinem

240 3963 361 4012 causae
384 3944 581 4028 impositam.

346 4103 418 4168 221.
435 4109 465 4164 ct
480 4100 552 4164 222.
565 4099 614 4162 De
626 4099 829 4162 emendaram
841 4095 1048 4183 dffcrcatir's.
1059 4098 1101 4164 Io
1112 4098 1260 4182 Legibus
1277 4102 1436 4165 emendae

242 4208 291 4273 sic
311 4205 571 4288 distinguuntur,
588 4206 673 4285 quod
687 4206 848 4285 quaedam
861 4209 940 4268 sunt
953 4205 1112 4270 emendae
1128 4203 1338 4282 arbitrariae,
1355 4221 1435 4283 quas

239 4311 359 4395 vulgus
385 4309 559 4392 „gemacht
581 4309 730 4374 wandel“
757 4308 914 4390 appellat,
934 4313 969 4373 et
983 4309 1048 4373 hae
1064 4309 1240 4373 variantur
1256 4306 1435 4374 secundum

242 4414 418 4482 arbitrium
451 4414 645 4497 juratorum,
677 4412 754 4491 quia
784 4428 850 4478 non
878 4418 1063 4492 sequuntur
1094 4418 1224 4478 statuta
1254 4412 1434 4479 civitatum.
