3275 5009
2205 11 2214 18 .
2340 17 2347 23 .
2379 2 3208 132 *tw

2763 70 2789 85 -ι

546 361 614 411 66
1578 356 1916 411 Sententiae

543 564 1006 648 praeferenda.
1053 565 1148 632 Et
1194 565 1511 632 similiter
1555 566 1615 630 si
1664 572 2015 633 arrestans
2064 564 2332 645 dixerit,
2379 582 2453 631 se
2500 582 2739 646 equum
2787 570 2944 632 ante

546 669 614 735 X
638 687 848 737 annos
871 669 1270 753 perdidisse,
1301 672 1372 735 et
1403 673 1784 736 arrestatus
1818 687 1940 751 per
1970 667 2137 735 facti
2170 669 2597 752 evidentiam,
2626 669 2945 737 videlicet

545 792 667 857 per
695 776 932 841 dentes
964 772 1360 855 poledraleS,
1393 772 1508 852 qui
1538 773 1718 856 vulg.
1743 771 1961 840 fullc
1982 792 2017 839 z
2036 791 2073 839 e
2092 791 2134 838 n
2167 773 2500 856 dicuntur,
2531 773 2947 856 probaverit,

546 897 781 960 equum
814 896 946 944 non
976 882 1168 944 tanto
1200 882 1501 959 tempore
1533 878 1805 961 vixisse,
1838 883 2186 945 arrestans
2221 895 2455 958 equum
2483 880 2738 959 perdet.
2770 878 2942 944 Item

544 1002 785 1065 equum
811 982 1121 1050 obtinens
1145 980 1411 1049 frenum
1444 989 1514 1048 et
1546 981 1703 1062 equi
1733 983 2029 1049 babbata
2058 999 2191 1049 non
2222 981 2569 1065 obtinebit,
2602 981 2746 1063 ipso
2772 983 2944 1065 jure.

751 1121 899 1189 101.
947 1120 1048 1184 De
1081 1127 1512 1184 arrestatione
1543 1140 1868 1205 equorum,
1910 1129 2218 1204 quantum
2252 1122 2342 1184 ad
2373 1128 2560 1183 testes
2592 1129 2654 1185 et
2686 1121 2944 1184 testium

544 1224 977 1310 repulsionem.
993 1233 1055 1288 et
1069 1226 1324 1289 modum
1327 1247 1365 1309 y
1375 1225 1633 1290 arandi.
1652 1224 1913 1303 Equum
1940 1229 2350 1292 arrestatum
2369 1225 2674 1291 obtinere
2691 1227 2943 1292 debens

539 1330 796 1415 jurabit
841 1329 1224 1397 mettertius
1271 1328 1341 1394 in
1387 1347 1590 1411 equ03
1638 1333 1709 1394 et
1755 1328 1814 1394 si
1861 1347 2017 1411 pars
2064 1331 2351 1396 adversa
2396 1330 2613 1413 ipsum
2653 1330 2945 1397 voluerit

543 1436 894 1517 repellere.
915 1433 1170 1517 ¹iurabit
1201 1434 1270 1499 in
1305 1450 1501 1498 cruce
1527 1450 1679 1498 cum
1701 1431 1839 1497 XX
1870 1433 2159 1500 testibus
2188 1432 2321 1500 sibi
2350 1434 2733 1516 assumptiS,
2766 1435 2943 1513 quod

545 1540 797 1622 primus
870 1545 941 1606 et
1006 1537 1112 1603 sui
1179 1541 1396 1603 testes
1457 1535 1627 1602 false
1686 1539 2123 1621 juraverunt3
2186 1543 2258 1604 et
2315 1538 2374 1604 si
2434 1537 2641 1604 tertio
2700 1538 2945 1604 iterum

543 1646 831 1712 adversa
894 1661 1048 1726 pars
1112 1642 1380 1707 eosdem
1442 1640 1580 1706 XX
1643 1648 1714 1706 et
1776 1659 1979 1708 unum
2047 1641 2338 1708 voluerit
2403 1642 2751 1726 repellere,
2817 1661 2940 1724 pro

544 1748 849 1829 quolibet
897 1750 1157 1812 statuet
1201 1745 1351 1822 VII,
1395 1745 1521 1812 hoc
1568 1750 1673 1811 est
1724 1745 1779 1810 V
1828 1746 2074 1812 solidos
2120 1746 2461 1830 longorum
2508 1744 2651 1812 sine
2698 1746 2947 1829 tribus;

543 1852 657 1932 qui
703 1851 1015 1918 similiter
1052 1852 1379 1935 jurabunt
1439 1849 1509 1915 in
1570 1866 1788 1931 cruce,
1851 1851 2023 1929 quod
2084 1849 2342 1931 priores
2403 1848 2597 1915 XXti
2643 1856 2715 1917 et
2760 1869 2933 1916 unus

539 1955 776 2022 falsum
824 1954 1294 2036 praestiterint
1331 1955 1825 2038 juramentum3
1872 1958 1945 2020 et
1990 1954 2273 2021 ulterius
2320 1955 2596 2020 testium
2641 1955 2937 2035 repulsio

541 2078 673 2126 non
720 2059 1042 2142 procedit.
1088 2058 1505 2126 Protestatio
1552 2063 1780 2125 tamen
1819 2076 2082 2140 semper
2113 2061 2315 2125 debet
2346 2057 2713 2140 repulsioni
2745 2076 2937 2140 prae·

542 2163 742 2248 mitti,
788 2163 966 2229 sicut
1009 2163 1078 2229 in
1125 2163 1561 2245 praecedenti
1607 2162 1952 2230 sententia
1998 2163 2399 2230 continetur.

751 2303 898 2368 102.
944 2301 1045 2365 De
1090 2301 1638 2365 arrestationibus
1688 2323 1993 2385 equorum
2056 2323 2513 2369 concessorum.
2572 2302 2644 2369 Si
2691 2304 2941 2370 Petrus

543 2406 753 2472 Paulo
802 2425 1038 2487 equum
1102 2408 1436 2473 concessit
1499 2412 1570 2474 et
1629 2409 1939 2474 Andreas
2009 2425 2244 2487 equum
2316 2409 2592 2474 eundem
2640 2426 2681 2473 a
2727 2406 2939 2474 Paulo

544 2509 737 2575 emit:
782 2510 987 2576 talem
1033 2527 1271 2590 equum
1316 2512 1560 2578 Petrus
1608 2514 1691 2578 de
1730 2513 1882 2595 jure
1929 2530 2060 2577 non
2105 2511 2357 2592 poterit
2386 2513 2562 2594 apud
2594 2510 2935 2578 Andream

543 2619 922 2696 arrestare3
966 2615 1102 2680 imo·
1141 2615 1439 2698 Paulum,
1501 2616 1604 2682 cui
1653 2617 1865 2699 prima
1913 2614 2059 2682 vice
2121 2633 2251 2681 non
2315 2614 2667 2698 concessit,
2726 2616 2933 2682 debet

539 2737 656 2800 pro
705 2736 780 2784 eo
826 2719 1152 2802 impetere
1195 2716 1408 2785 forma
1445 2719 1651 2803 juris3
1710 2738 1904 2786 secus
1950 2724 2170 2786 autem
2234 2724 2435 2802 esset,
2495 2719 2804 2786 fortassis
2873 2720 2929 2784 si

538 2823 788 2890 Paulus
835 2841 1073 2902 equum
1118 2824 1322 2891 Petro
1366 2825 1851 2892 subtraxisset.

751 2971 894 3038 103.
942 2970 1043 3032 De
1088 2976 1515 3033 arrestatione
1565 2971 1715 3054 equi
1756 2969 2100 3036 subtracti.
2148 2969 2337 3050 Equo
2372 2976 2711 3038 arrestato
2740 2977 2934 3037 actor

538 3092 762 3140 coram
801 3073 1025 3158 judice
1073 3079 1182 3140 est
1227 3079 1649 3156 conquestus,
1696 3077 1872 3153 quod
1919 3093 2157 3154 equum
2204 3077 2484 3142 eundem
2517 3075 2933 3142 noctistem·

539 3195 699 3259 pore
761 3178 892 3243 sibi
955 3181 1368 3244 subtractum
1429 3179 1596 3244 velit
1650 3179 2077 3262 justitialiter
2140 3179 2478 3259 obtinere,
2547 3197 2704 3246 reus
2768 3196 2931 3246 vero

536 3281 904 3364 respondit,
950 3282 1123 3361 quod
1171 3299 1407 3360 equum
1455 3285 1738 3347 eundem
1784 3288 2083 3364 tempore
2132 3281 2366 3348 diurno
2398 3283 2654 3365 emerit,
2687 3284 2767 3348 de
2802 3301 2930 3362 quo

540 3403 727 3450 suum
774 3385 983 3450 vellet
1030 3390 1332 3451 statuere
1380 3387 1817 3452 venditorem.
1883 3387 2076 3470 Quod
2124 3405 2267 3452 cum
2327 3386 2610 3453 termino
2673 3392 2931 3454 statuto

539 3500 669 3555 non
715 3488 990 3570 faceret,
1056 3491 1175 3554 sed
1221 3494 1486 3555 tantum
1551 3491 1999 3572 personaliter
2059 3497 2493 3572 compareret,
2557 3491 2930 3571 quaesitum

536 3598 644 3657 est
691 3610 730 3656 a
769 3593 1014 3676 Judice,
1061 3611 1209 3659 cum
1255 3596 1339 3659 de
1386 3595 1661 3660 crimine
1726 3593 1888 3659 furti
1946 3613 2019 3660 se
2079 3613 2210 3660 non
2272 3597 2754 3677 expurgaverit
2806 3614 2930 3662 nec

537 3697 952 3764 venditorem
998 3697 1151 3777 equi
1198 3699 1538 3781 statuerit,
1585 3698 1654 3763 in
1703 3717 1833 3778 qua
1879 3699 2011 3764 sibi
2066 3699 2392 3764 obnoxius
2453 3700 2545 3765 sit
2600 3698 2924 3766 emenda?

746 3799 1015 3882 Super
1047 3818 1204 3880 quo
1239 3803 1881 3868 sententiatum
1913 3802 2117 3870 fuit:
2148 3803 2255 3869 Ex
2287 3821 2415 3883 quo
2450 3809 2641 3869 actor
2665 3822 2797 3870 non
2822 3807 2926 3869 est

535 3911 964 3986 conquestUS,
1006 3908 1179 3984 quod
1225 3923 1381 3972 reus
1429 3924 1667 3986 equum
1715 3907 1844 3972 sibi
1889 3907 2343 3973 subtraxisset
2389 3922 2460 3973 et
2506 3909 2682 3988 quod
2713 3907 2925 3988 ipsum

535 4008 618 4071 de
664 4005 841 4073 furto
887 4009 1159 4075 vincere
1220 4010 1444 4091 vellet,
1505 4011 1624 4076 sed
1684 4016 1943 4076 tantum
2007 4011 2194 4089 dixit,
2258 4014 2432 4094 quod
2496 4030 2735 4092 equum
2799 4010 2928 4078 sibi

532 4112 948 4176 subtractum
996 4111 1299 4179 obtinere
1348 4113 1589 4179 vellet:
1654 4113 1919 4197 sufficit,
1980 4118 2153 4195 quod
2200 4135 2372 4198 reus,
2421 4134 2591 4196 equo
2647 4116 2925 4200 perdito,

535 4213 594 4279 si
637 4218 860 4279 tamen
907 4223 1013 4281 est
1059 4216 1248 4281 homo
1299 4220 1510 4294 bonae
1557 4218 1773 4284 famae
1822 4210 1891 4284 et
1940 4220 2123 4299 prius
2187 4221 2467 4286 honeste
2529 4239 2601 4287 se
2664 4237 2918 4287 conser-

533 4318 740 4399 vavit,
786 4319 1098 4384 honorem
1144 4338 1336 4385 suum
1385 4320 1668 4402 simplici
1715 4320 2033 4387 defendat
2092 4324 2491 4406 juramento.
2557 4324 2698 4408 Quo
2744 4322 2918 4388 facto

3203 137 3208 218 Ι
