3275 5009
300 344 350 398 196
814 342 981 396 Sententiae

396 549 470 614 485.
494 547 544 611 Dc
568 546 699 612 tacillia
723 549 868 633 injustis.
890 548 930 615 In
955 547 1050 630 cujns
1072 549 1219 616 ludentis
1243 568 1340 616 manu
1358 550 1472 618 ialsiet

294 653 411 739 injusti
424 650 534 719 taxilli
544 649 670 720 inerint
682 652 829 720 inventi:
845 652 935 718 illius
951 652 1062 736 pollen
1078 659 1273 736 amputetur
1288 659 1323 720 et
1337 655 1474 722 omuibus

293 757 356 825 tali
378 758 455 824 ludo
480 763 596 826 careat
619 755 804 837 acquisitis,

512 944 761 1026 Capitulum
783 917 918 1010 XLIII:
941 945 1000 1013 De
1024 945 1274 1014 luminibus.
1300 1041 1303 1044 q

396 1085 469 1148 486.
508 1083 560 1146 Dc
595 1081 781 1150 luminibus.
826 1083 1002 1150 Luminum
1036 1085 1204 1153 servitute
1239 1088 1420 1155 constituta
1446 1088 1477 1152 id

293 1188 492 1270 acquisitum
514 1187 659 1272 videtur,
682 1190 721 1253 ut
742 1186 874 1255 vicinus
889 1188 1015 1254 lumina
1031 1193 1147 1255 nostra
1164 1190 1312 1274 excipiat
1329 1199 1364 1258 et
1379 1197 1473 1258 trans·

293 1293 416 1360 mittat.
439 1292 520 1359 Cum
544 1297 653 1359 autem
678 1289 826 1358 servitus
849 1290 1037 1374 imponitur,
1061 1310 1104 1358 ne
1124 1292 1304 1362 luminibus
1323 1301 1481 1376 noceam,

293 1399 357 1464 hoc
380 1395 522 1464 maxima
551 1395 667 1478 adepti
697 1393 858 1478 videmur,
888 1414 930 1462 ne
950 1395 1006 1479 jus
1030 1394 1076 1462 sit
1099 1396 1219 1482 vicino,
1247 1399 1366 1466 invitis
1397 1397 1480 1465 nobis

294 1501 420 1581 aliquid
443 1500 622 1567 aedificare
646 1504 682 1567 ct
704 1498 856 1566 minuere
884 1499 1009 1566 luminu
1040 1507 1230 1568 nostrorum
1257 1503 1481 1571 aedificiorum.

292 1605 440 1674 Invitum
463 1609 575 1671 autem
597 1605 632 1670 in
655 1602 876 1671 servitutibus
898 1604 1052 1687 accipere
1076 1607 1234 1673 debemus
1264 1625 1330 1672 non
1359 1612 1480 1674 tantum

294 1728 377 1794 eum,
401 1709 458 1790 qui
481 1705 691 1790 contradicit,
714 1708 775 1772 sed
798 1707 900 1774 etiam
923 1726 1006 1786 oum,
1030 1709 1087 1789 qui
1110 1710 1304 1791 specialiter
1328 1730 1395 1777 non
1417 1731 1480 1777 con·

293 1814 406 1882 sentit.
437 1812 605 1880 Infantem
629 1816 664 1877 et
685 1809 848 1877 furiosum
877 1810 1003 1877 invitos
1031 1817 1125 1879 recte
1158 1814 1271 1881 dicere
1301 1832 1482 1896 possumus

293 1937 359 1984 non
397 1918 484 1984 cuim
524 1917 567 1982 ad
604 1915 738 1998 lactum,
783 1916 843 1982 scd
880 1917 924 1982 ad
958 1915 1013 2000 J'us
1051 1917 1229 1984 servitutis
1265 1919 1350 1985 baec
1388 1922 1480 1987 verba

293 2023 495 2091 referuntur.

397 2126 478 2193 Cum
501 2143 549 2208 eo,
572 2124 628 2204 qui
651 2123 843 2190 extollendo
866 2125 1027 2191 obscurat
1042 2123 1146 2190 vicini
1162 2126 1273 2207 aedes,
1290 2126 1409 2206 quibus
1424 2145 1485 2192 non-
1586 2144 1587 2147 ¹

293 2229 409 2313 scrvit,
443 2228 535 2296 nulla
564 2227 725 2310 competit
757 2226 856 2310 actio,
889 2228 968 2307 quia
1002 2226 1086 2292 nulli
1121 2226 1202 2296 facit
1221 2201 1401 2313 ⁸injuriam,
1432 2230 1486 2311 qui

293 2335 401 2401 utitur
420 2335 496 2419 jure
520 2349 589 2398 suo.
612 2331 649 2398 Si
664 2333 714 2398 ita
733 2331 779 2398 sit
794 2336 929 2398 cautum
947 2349 1009 2415 „ne
1025 2331 1203 2398 luminibus
1220 2339 1413 2418 noceatur“‚
1427 2337 1484 2401 hoc

293 2441 396 2506 uerbo
420 2437 569 2523 generali
588 2454 683 2504 omne
698 2437 810 2503 lumen
827 2436 1045 2520 significatur,
1063 2436 1135 2505 sive
1151 2440 1239 2517 quod
1254 2439 1288 2504 in
1304 2437 1481 2520 praesenti,

294 2543 365 2609 sire
381 2543 465 2621 quod
484 2539 716 2608 conventionis
732 2545 883 2622 tempore
898 2540 1082 2624 contingit3
1097 2540 1211 2607 futuro
1227 2542 1314 2609 enim
1327 2543 1484 2626 aedilicio⁷

294 2647 381 2728 quod
403 2647 548 2712 nondum
571 2647 633 2727 cst,
656 2643 712 2711 vel
733 2643 863 2724 acquiri
886 2646 941 2711 vel
963 2644 1087 2727 imponi
1110 2645 1258 2711 servitus
1280 2651 1401 2727 potest.

397 2750 475 2830 Eos,
506 2747 563 2828 qui
588 2749 645 2832 jus
675 2748 866 2815 immittendi
895 2747 1027 2814 luminis
1057 2767 1124 2814 non
1151 2749 1348 2833 habuerunt,
1371 2755 1490 2832 aperto

293 2855 424 2940 pariete
447 2853 611 2921 communi
633 2853 722 2920 nullo
747 2854 820 2938 jure
843 2852 1012 2920 fenestras
1035 2852 1217 2920 immittere
1240 2859 1345 2934 patet.

397 2957 560 3046 (Requiro
594 2975 696 3040 supra
730 2957 848 3024 titulo:
878 2957 937 3024 De
960 2955 1179 3024 aedificiis
1208 2964 1413 3037 qnantum
1433 2961 1486 3026 ad
1584 3038 1585 3067 ἶ

293 3065 430 3131 lucem
453 3067 496 3129 et
518 3061 742 3148 parietas.)

502 3234 746 3317 Capitulum
770 3234 900 3302 XLIV:
930 3234 989 3300 Dc
1015 3233 1282 3301 mulieribus.

396 3375 470 3438 487.
503 3373 554 3437 De
587 3371 788 3454 mulieribus,
822 3382 933 3436 utrum
966 3374 1105 3436 maritus
1137 3378 1248 3461 possid
1280 3377 1347 3440 cicc
1373 3375 1485 3438 acoris

294 3501 387 3568 apere
409 3475 460 3542 vel
481 3477 685 3562 respondero.
715 3475 777 3545 Vir
806 3479 850 3544 ad
872 3479 1039 3561 agendum
1061 3477 1116 3547 vel
1131 3479 1405 3562 respondendum
1426 3497 1488 3560 pro

293 3601 396 3653 uxore
427 3582 540 3668 rigore
566 3581 653 3666 juris
684 3581 838 3664 compelli
867 3600 933 3648 non
965 3587 1094 3665 potest3
1128 3582 1157 3649 si
1187 3602 1268 3652 vero
1299 3582 1486 3653 voluntarie

293 3708 428 3757 causam
451 3685 566 3754 uxoris
590 3685 655 3753 sibi
677 3686 818 3753 assumit
842 3685 876 3752 in
894 3685 1049 3770 jnrando,
1072 3685 1161 3753 sicut
1183 3687 1218 3755 in
1234 3704 1337 3754 cansa
1354 3686 1481 3770 propria

294 3793 385 3862 cadit
407 3796 443 3859 et
466 3809 601 3860 causam
631 3789 767 3858 amittit.
796 3791 892 3860 Uxor
922 3795 1043 3875 antem,
1072 3789 1180 3860 vicem
1210 3790 1337 3858 actoris
1367 3807 1486 3877 gerone

294 3902 329 3966 ct
358 3914 491 3964 cumam
517 3895 661 3979 jurando
693 3893 846 3964 obtinere
879 3894 1005 3977 volens,
1039 3894 1075 3961 iu
1104 3894 1295 3980 juramento
1330 3895 1421 3962 cadit
1451 3896 1484 3960 et

294 4020 429 4070 causam
451 4000 564 4084 pordit
579 4000 668 4068 sicut
683 3999 752 4080 vir3
767 4000 876 4067 locum
893 4016 973 4066 vero
991 3998 1041 4066 rei
1056 4003 1176 4067 tenens
1192 3999 1224 4066 h.
1240 4017 1268 4065 e.
1282 4001 1485 4083 respondeus

293 4110 329 4173 et
351 4123 485 4172 oausam
508 4103 700 4188 defendens,
723 4103 787 4171 bac
811 4102 1051 4188 praerogativa
1068 4107 1103 4170 et
1119 4101 1296 4188 privilegio
1316 4102 1486 4170 mulierum

293 4211 430 4295 gaudet,
451 4210 540 4291 quod
560 4209 596 4276 in
614 4207 758 4291 jurando
781 4226 848 4273 non
871 4206 972 4275 cadit.
995 4207 1118 4275 Mulier
1140 4213 1253 4275 tamen
1275 4207 1387 4291 vidua,
1409 4205 1482 4289 quia

292 4315 454 4382 bonorum
477 4317 530 4381 ost
553 4312 693 4398 domina,
715 4311 788 4381 sive
812 4316 894 4397 agat
916 4311 987 4382 sive
1011 4314 1223 4396 respondeat,
1245 4315 1414 4392 tamquam
1435 4307 1485 4379 uir
1581 4332 1582 4343 ¹
