<?xml version="1.0" encoding="UTF-8"?>
<!DOCTYPE html PUBLIC "-//W3C//DTD XHTML 1.0 Transitional//EN"
    "http://www.w3.org/TR/xhtml1/DTD/xhtml1-transitional.dtd">
<html xmlns="http://www.w3.org/1999/xhtml" xml:lang="en" lang="en">
 <head>
  <title>
</title>
<meta http-equiv="Content-Type" content="text/html;charset=utf-8" />
  <meta name='ocr-system' content='tesseract 3.04.00' />
  <meta name='ocr-capabilities' content='ocr_page ocr_carea ocr_par ocr_line ocrx_word'/>
</head>
<body>
  <div class='ocr_page' id='page_1' title='image "./codexjurisbohem00unkngoog_0195.png"; bbox 0 0 3275 5009; ppageno 0'>
   <div class='ocr_carea' id='block_1_1' title="bbox 738 314 1426 371">
    <p class='ocr_par' dir='ltr' id='par_1_1' title="bbox 738 314 1426 371">
     <span class='ocr_line' id='line_1_1' title="bbox 738 314 1426 371; baseline 0.004 -4"><span class='ocrx_word' id='word_1_1' title='bbox 738 314 905 368; x_wconf 85' lang='lat' dir='ltr'>Brunenses.</span> <span class='ocrx_word' id='word_1_2' title='bbox 1375 318 1426 371; x_wconf 84' lang='lat'>179</span> 
     </span>
    </p>
   </div>
   <div class='ocr_carea' id='block_1_2' title="bbox 223 522 1426 920">
    <p class='ocr_par' dir='ltr' id='par_1_2' title="bbox 223 522 1426 920">
     <span class='ocr_line' id='line_1_2' title="bbox 225 522 1426 607; baseline 0.002 -18"><span class='ocrx_word' id='word_1_3' title='bbox 225 529 395 606; x_wconf 89' lang='lat' dir='ltr'>generant</span> <span class='ocrx_word' id='word_1_4' title='bbox 417 522 507 589; x_wconf 88' lang='lat' dir='ltr'>inter</span> <span class='ocrx_word' id='word_1_5' title='bbox 526 523 668 606; x_wconf 66' lang='lat' dir='ltr'>juratos</span> <span class='ocrx_word' id='word_1_6' title='bbox 698 523 777 603; x_wconf 85' lang='lat' dir='ltr'>quia</span> <span class='ocrx_word' id='word_1_7' title='bbox 808 525 895 602; x_wconf 88' lang='lat' dir='ltr'>quod</span> <span class='ocrx_word' id='word_1_8' title='bbox 922 522 1035 605; x_wconf 88' lang='lat' dir='ltr'>placet</span> <span class='ocrx_word' id='word_1_9' title='bbox 1064 522 1131 606; x_wconf 94' lang='lat' dir='ltr'>uni,</span> <span class='ocrx_word' id='word_1_10' title='bbox 1161 525 1297 607; x_wconf 89' lang='lat' dir='ltr'>saepius</span> <span class='ocrx_word' id='word_1_11' title='bbox 1326 525 1426 592; x_wconf 89' lang='lat' dir='ltr'>altari</span> 
     </span>
     <span class='ocr_line' id='line_1_3' title="bbox 223 619 1426 714; baseline 0.001 -20"><span class='ocrx_word' id='word_1_12' title='bbox 223 629 350 712; x_wconf 89' lang='lat' dir='ltr'>placet,</span> <span class='ocrx_word' id='word_1_13' title='bbox 365 627 515 706; x_wconf 89' lang='lat' dir='ltr'>quamvis</span> <span class='ocrx_word' id='word_1_14' title='bbox 532 628 578 694; x_wconf 90' lang='lat' dir='ltr'>sit</span> <span class='ocrx_word' id='word_1_15' title='bbox 593 627 750 712; x_wconf 89' lang='lat' dir='ltr'>injustum</span> <span class='ocrx_word' id='word_1_16' title='bbox 776 632 812 693; x_wconf 90' lang='lat' dir='ltr'>et</span> <span class='ocrx_word' id='word_1_17' title='bbox 834 627 990 708; x_wconf 88' lang='lat' dir='ltr'>iniquum.</span> <span class='ocrx_word' id='word_1_18' title='bbox 1014 628 1157 712; x_wconf 76' lang='lat' dir='ltr'>Cognati</span> <span class='ocrx_word' id='word_1_19' title='bbox 1179 619 1281 695; x_wconf 87' lang='lat' dir='ltr'>etiam</span> <span class='ocrx_word' id='word_1_20' title='bbox 1293 629 1426 714; x_wconf 87' lang='lat' dir='ltr'>judicis,</span> 
     </span>
     <span class='ocr_line' id='line_1_4' title="bbox 224 730 1425 823; baseline 0.004 -26"><span class='ocrx_word' id='word_1_21' title='bbox 224 731 349 823; x_wconf 88' lang='lat' dir='ltr'>sororii</span> <span class='ocrx_word' id='word_1_22' title='bbox 364 736 399 797; x_wconf 92' lang='lat' dir='ltr'>et</span> <span class='ocrx_word' id='word_1_23' title='bbox 415 731 502 797; x_wconf 91' lang='lat' dir='ltr'>aliae</span> <span class='ocrx_word' id='word_1_24' title='bbox 524 749 688 814; x_wconf 82' lang='lat' dir='ltr'>personae</span> <span class='ocrx_word' id='word_1_25' title='bbox 706 731 771 798; x_wconf 86' lang='lat' dir='ltr'>sibi</span> <span class='ocrx_word' id='word_1_26' title='bbox 784 730 925 798; x_wconf 89' lang='lat' dir='ltr'>multum</span> <span class='ocrx_word' id='word_1_27' title='bbox 947 730 1138 810; x_wconf 77' lang='lat' dir='ltr'>familiares,</span> <span class='ocrx_word' id='word_1_28' title='bbox 1161 752 1227 799; x_wconf 94' lang='lat' dir='ltr'>non</span> <span class='ocrx_word' id='word_1_29' title='bbox 1249 733 1425 818; x_wconf 77' lang='lat' dir='ltr'>eligantur.</span> 
     </span>
     <span class='ocr_line' id='line_1_5' title="bbox 227 832 1426 920; baseline 0.005 -20"><span class='ocrx_word' id='word_1_30' title='bbox 227 832 358 917; x_wconf 83' lang='lat' dir='ltr'>Quodsi</span> <span class='ocrx_word' id='word_1_31' title='bbox 395 839 533 917; x_wconf 88' lang='lat' dir='ltr'>propter</span> <span class='ocrx_word' id='word_1_32' title='bbox 569 834 734 902; x_wconf 85' lang='lat' dir='ltr'>defectum</span> <span class='ocrx_word' id='word_1_33' title='bbox 773 853 991 919; x_wconf 88' lang='lat' dir='ltr'>personarum</span> <span class='ocrx_word' id='word_1_34' title='bbox 1023 834 1128 904; x_wconf 84' lang='lat' dir='ltr'>fuerit</span> <span class='ocrx_word' id='word_1_35' title='bbox 1164 855 1313 920; x_wconf 86' lang='lat' dir='ltr'>necesse,</span> <span class='ocrx_word' id='word_1_36' title='bbox 1344 844 1426 906; x_wconf 92' lang='lat' dir='ltr'>tunc</span> 
     </span>
    </p>
   </div>
   <div class='ocr_carea' id='block_1_3' title="bbox 194 939 1437 4450">
    <p class='ocr_par' dir='ltr' id='par_1_3' title="bbox 221 939 1426 1232">
     <span class='ocr_line' id='line_1_6' title="bbox 223 939 1425 1023; baseline 0.003 -19"><span class='ocrx_word' id='word_1_37' title='bbox 223 944 353 1020; x_wconf 88' lang='lat' dir='ltr'>quanto</span> <span class='ocrx_word' id='word_1_38' title='bbox 377 939 552 1022; x_wconf 79' lang='lat' dir='ltr'>pauciores</span> <span class='ocrx_word' id='word_1_39' title='bbox 576 939 610 1005; x_wconf 95' lang='lat' dir='ltr'>in</span> <span class='ocrx_word' id='word_1_40' title='bbox 635 939 743 1006; x_wconf 84' lang='lat' dir='ltr'>officio</span> <span class='ocrx_word' id='word_1_41' title='bbox 766 939 961 1006; x_wconf 82' lang='lat' dir='ltr'>scabinatus</span> <span class='ocrx_word' id='word_1_42' title='bbox 976 939 1113 1023; x_wconf 84' lang='lat' dir='ltr'>inerint,</span> <span class='ocrx_word' id='word_1_43' title='bbox 1128 945 1224 1008; x_wconf 91' lang='lat' dir='ltr'>tanto</span> <span class='ocrx_word' id='word_1_44' title='bbox 1240 940 1425 1023; x_wconf 81' lang='lat' dir='ltr'>salubrius3</span> 
     </span>
     <span class='ocr_line' id='line_1_7' title="bbox 221 1042 1426 1129; baseline 0.003 -20"><span class='ocrx_word' id='word_1_45' title='bbox 221 1042 314 1110; x_wconf 86' lang='lat' dir='ltr'>tales</span> <span class='ocrx_word' id='word_1_46' title='bbox 330 1043 416 1109; x_wconf 94' lang='lat' dir='ltr'>enim</span> <span class='ocrx_word' id='word_1_47' title='bbox 442 1060 604 1125; x_wconf 86' lang='lat' dir='ltr'>personae</span> <span class='ocrx_word' id='word_1_48' title='bbox 623 1043 728 1126; x_wconf 91' lang='lat' dir='ltr'>judici</span> <span class='ocrx_word' id='word_1_49' title='bbox 748 1043 955 1126; x_wconf 88' lang='lat' dir='ltr'>complacere</span> <span class='ocrx_word' id='word_1_50' title='bbox 979 1043 1141 1126; x_wconf 86' lang='lat' dir='ltr'>volentes,</span> <span class='ocrx_word' id='word_1_51' title='bbox 1165 1045 1366 1129; x_wconf 91' lang='lat' dir='ltr'>pauperibus</span> <span class='ocrx_word' id='word_1_52' title='bbox 1390 1046 1426 1113; x_wconf 93' lang='lat' dir='ltr'>in</span> 
     </span>
     <span class='ocr_line' id='line_1_8' title="bbox 223 1147 1180 1232; baseline 0 -20"><span class='ocrx_word' id='word_1_53' title='bbox 223 1149 373 1214; x_wconf 87' lang='lat' dir='ltr'>emendis</span> <span class='ocrx_word' id='word_1_54' title='bbox 397 1147 567 1214; x_wconf 86' lang='lat' dir='ltr'>solvendis</span> <span class='ocrx_word' id='word_1_55' title='bbox 591 1166 713 1232; x_wconf 88' lang='lat' dir='ltr'>graves</span> <span class='ocrx_word' id='word_1_56' title='bbox 737 1154 818 1215; x_wconf 91' lang='lat' dir='ltr'>snnt</span> <span class='ocrx_word' id='word_1_57' title='bbox 840 1147 975 1214; x_wconf 92' lang='lat' dir='ltr'>nimium</span> <span class='ocrx_word' id='word_1_58' title='bbox 999 1153 1035 1214; x_wconf 94' lang='lat' dir='ltr'>et</span> <span class='ocrx_word' id='word_1_59' title='bbox 1056 1147 1180 1214; x_wconf 85' lang='lat' dir='ltr'>infesti.</span> 
     </span>
    </p>

    <p class='ocr_par' dir='ltr' id='par_1_4' title="bbox 217 1249 1424 2362">
     <span class='ocr_line' id='line_1_9' title="bbox 330 1249 1423 1338; baseline 0.001 -16"><span class='ocrx_word' id='word_1_60' title='bbox 330 1252 449 1322; x_wconf 90' lang='lat' dir='ltr'>Nullus</span> <span class='ocrx_word' id='word_1_61' title='bbox 473 1251 574 1318; x_wconf 89' lang='lat' dir='ltr'>etiam</span> <span class='ocrx_word' id='word_1_62' title='bbox 596 1251 729 1319; x_wconf 85' lang='lat' dir='ltr'>infamis</span> <span class='ocrx_word' id='word_1_63' title='bbox 752 1253 899 1337; x_wconf 85' lang='lat' dir='ltr'>eligatur</span> <span class='ocrx_word' id='word_1_64' title='bbox 926 1254 969 1318; x_wconf 92' lang='lat' dir='ltr'>ad</span> <span class='ocrx_word' id='word_1_65' title='bbox 988 1249 1147 1336; x_wconf 89' lang='lat' dir='ltr'>juratum,</span> <span class='ocrx_word' id='word_1_66' title='bbox 1176 1253 1240 1320; x_wconf 93' lang='lat' dir='ltr'>imo</span> <span class='ocrx_word' id='word_1_67' title='bbox 1271 1252 1301 1320; x_wconf 92' lang='lat' dir='ltr'>si</span> <span class='ocrx_word' id='word_1_68' title='bbox 1330 1253 1423 1338; x_wconf 90' lang='lat' dir='ltr'>igno·</span> 
     </span>
     <span class='ocr_line' id='line_1_10' title="bbox 221 1355 1423 1444; baseline 0.003 -22"><span class='ocrx_word' id='word_1_69' title='bbox 221 1360 343 1424; x_wconf 88' lang='lat' dir='ltr'>ranter</span> <span class='ocrx_word' id='word_1_70' title='bbox 366 1357 493 1424; x_wconf 89' lang='lat' dir='ltr'>electus</span> <span class='ocrx_word' id='word_1_71' title='bbox 515 1355 621 1422; x_wconf 86' lang='lat' dir='ltr'>fuerit</span> <span class='ocrx_word' id='word_1_72' title='bbox 643 1363 678 1421; x_wconf 87' lang='lat' dir='ltr'>et</span> <span class='ocrx_word' id='word_1_73' title='bbox 701 1361 820 1437; x_wconf 90' lang='lat' dir='ltr'>postea</span> <span class='ocrx_word' id='word_1_74' title='bbox 843 1358 885 1421; x_wconf 92' lang='lat' dir='ltr'>de</span> <span class='ocrx_word' id='word_1_75' title='bbox 908 1357 971 1422; x_wconf 92' lang='lat' dir='ltr'>hoc</span> <span class='ocrx_word' id='word_1_76' title='bbox 994 1358 1196 1441; x_wconf 88' lang='lat' dir='ltr'>constiterit,</span> <span class='ocrx_word' id='word_1_77' title='bbox 1217 1359 1423 1444; x_wconf 75' lang='lat' dir='ltr'>deponatur3</span> 
     </span>
     <span class='ocr_line' id='line_1_11' title="bbox 221 1459 1424 1548; baseline 0.005 -22"><span class='ocrx_word' id='word_1_78' title='bbox 221 1479 302 1527; x_wconf 91' lang='lat' dir='ltr'>nam</span> <span class='ocrx_word' id='word_1_79' title='bbox 335 1480 402 1527; x_wconf 91' lang='lat' dir='ltr'>una</span> <span class='ocrx_word' id='word_1_80' title='bbox 431 1461 503 1530; x_wconf 84' lang='lat' dir='ltr'>ovis</span> <span class='ocrx_word' id='word_1_81' title='bbox 535 1460 685 1528; x_wconf 92' lang='lat' dir='ltr'>morbida</span> <span class='ocrx_word' id='word_1_82' title='bbox 715 1459 822 1527; x_wconf 89' lang='lat' dir='ltr'>inficit</span> <span class='ocrx_word' id='word_1_83' title='bbox 851 1465 957 1527; x_wconf 91' lang='lat' dir='ltr'>totum</span> <span class='ocrx_word' id='word_1_84' title='bbox 986 1479 1131 1546; x_wconf 83' lang='lat' dir='ltr'>gregem.</span> <span class='ocrx_word' id='word_1_85' title='bbox 1160 1461 1257 1547; x_wconf 91' lang='lat' dir='ltr'>Item,</span> <span class='ocrx_word' id='word_1_86' title='bbox 1286 1463 1424 1548; x_wconf 90' lang='lat' dir='ltr'>garruli,</span> 
     </span>
     <span class='ocr_line' id='line_1_12' title="bbox 223 1564 1423 1646; baseline 0.003 -14"><span class='ocrx_word' id='word_1_87' title='bbox 223 1565 283 1646; x_wconf 89' lang='lat' dir='ltr'>qui</span> <span class='ocrx_word' id='word_1_88' title='bbox 306 1571 439 1632; x_wconf 91' lang='lat' dir='ltr'>secreta</span> <span class='ocrx_word' id='word_1_89' title='bbox 461 1567 572 1632; x_wconf 89' lang='lat' dir='ltr'>celare</span> <span class='ocrx_word' id='word_1_90' title='bbox 595 1566 758 1642; x_wconf 88' lang='lat' dir='ltr'>nesciunt,</span> <span class='ocrx_word' id='word_1_91' title='bbox 779 1570 815 1631; x_wconf 92' lang='lat' dir='ltr'>et</span> <span class='ocrx_word' id='word_1_92' title='bbox 829 1564 887 1646; x_wconf 87' lang='lat' dir='ltr'>qui</span> <span class='ocrx_word' id='word_1_93' title='bbox 902 1564 1132 1632; x_wconf 86' lang='lat' dir='ltr'>indifferenter</span> <span class='ocrx_word' id='word_1_94' title='bbox 1147 1567 1250 1634; x_wconf 88' lang='lat' dir='ltr'>bonos</span> <span class='ocrx_word' id='word_1_95' title='bbox 1267 1572 1303 1633; x_wconf 88' lang='lat' dir='ltr'>et</span> <span class='ocrx_word' id='word_1_96' title='bbox 1319 1567 1423 1635; x_wconf 89' lang='lat' dir='ltr'>malos</span> 
     </span>
     <span class='ocr_line' id='line_1_13' title="bbox 222 1669 1422 1754; baseline 0.002 -18"><span class='ocrx_word' id='word_1_97' title='bbox 222 1671 299 1737; x_wconf 93' lang='lat' dir='ltr'>odio</span> <span class='ocrx_word' id='word_1_98' title='bbox 325 1670 458 1754; x_wconf 89' lang='lat' dir='ltr'>habent,</span> <span class='ocrx_word' id='word_1_99' title='bbox 482 1675 517 1736; x_wconf 92' lang='lat' dir='ltr'>et</span> <span class='ocrx_word' id='word_1_100' title='bbox 540 1669 596 1750; x_wconf 89' lang='lat' dir='ltr'>qni</span> <span class='ocrx_word' id='word_1_101' title='bbox 618 1669 716 1736; x_wconf 89' lang='lat' dir='ltr'>nimis</span> <span class='ocrx_word' id='word_1_102' title='bbox 733 1670 832 1736; x_wconf 84' lang='lat' dir='ltr'>avida</span> <span class='ocrx_word' id='word_1_103' title='bbox 848 1671 1017 1751; x_wconf 89' lang='lat' dir='ltr'>proprium</span> <span class='ocrx_word' id='word_1_104' title='bbox 1034 1674 1200 1748; x_wconf 88' lang='lat' dir='ltr'>quaerunt</span> <span class='ocrx_word' id='word_1_105' title='bbox 1220 1673 1422 1738; x_wconf 92' lang='lat' dir='ltr'>commodum</span> 
     </span>
     <span class='ocr_line' id='line_1_14' title="bbox 221 1772 1423 1858; baseline 0.002 -18"><span class='ocrx_word' id='word_1_106' title='bbox 221 1780 259 1840; x_wconf 89' lang='lat' dir='ltr'>et</span> <span class='ocrx_word' id='word_1_107' title='bbox 282 1776 413 1858; x_wconf 90' lang='lat' dir='ltr'>bonum,</span> <span class='ocrx_word' id='word_1_108' title='bbox 435 1779 470 1841; x_wconf 90' lang='lat' dir='ltr'>et</span> <span class='ocrx_word' id='word_1_109' title='bbox 493 1774 549 1854; x_wconf 89' lang='lat' dir='ltr'>qui</span> <span class='ocrx_word' id='word_1_110' title='bbox 573 1775 674 1840; x_wconf 88' lang='lat' dir='ltr'>etiam</span> <span class='ocrx_word' id='word_1_111' title='bbox 697 1772 795 1840; x_wconf 89' lang='lat' dir='ltr'>nimis</span> <span class='ocrx_word' id='word_1_112' title='bbox 819 1778 899 1839; x_wconf 90' lang='lat' dir='ltr'>sunt</span> <span class='ocrx_word' id='word_1_113' title='bbox 916 1773 1069 1855; x_wconf 85' lang='lat' dir='ltr'>jnvenes,</span> <span class='ocrx_word' id='word_1_114' title='bbox 1092 1791 1157 1838; x_wconf 94' lang='lat' dir='ltr'>non</span> <span class='ocrx_word' id='word_1_115' title='bbox 1174 1779 1370 1841; x_wconf 88' lang='lat' dir='ltr'>statuantur</span> <span class='ocrx_word' id='word_1_116' title='bbox 1388 1776 1423 1843; x_wconf 89' lang='lat' dir='ltr'>in</span> 
     </span>
     <span class='ocr_line' id='line_1_15' title="bbox 217 1876 1421 1963; baseline 0 -19"><span class='ocrx_word' id='word_1_117' title='bbox 217 1879 368 1963; x_wconf 88' lang='lat' dir='ltr'>juratos;</span> <span class='ocrx_word' id='word_1_118' title='bbox 391 1878 516 1944; x_wconf 87' lang='lat' dir='ltr'>debent</span> <span class='ocrx_word' id='word_1_119' title='bbox 538 1878 626 1944; x_wconf 91' lang='lat' dir='ltr'>enim</span> <span class='ocrx_word' id='word_1_120' title='bbox 645 1877 752 1960; x_wconf 86' lang='lat' dir='ltr'>jurati</span> <span class='ocrx_word' id='word_1_121' title='bbox 769 1877 931 1944; x_wconf 89' lang='lat' dir='ltr'>communi</span> <span class='ocrx_word' id='word_1_122' title='bbox 945 1876 1087 1944; x_wconf 90' lang='lat' dir='ltr'>utilitati</span> <span class='ocrx_word' id='word_1_123' title='bbox 1102 1879 1184 1944; x_wconf 89' lang='lat' dir='ltr'>totis</span> <span class='ocrx_word' id='word_1_124' title='bbox 1201 1878 1330 1947; x_wconf 85' lang='lat' dir='ltr'>viribus</span> <span class='ocrx_word' id='word_1_125' title='bbox 1346 1898 1421 1961; x_wconf 89' lang='lat' dir='ltr'>pro·</span> 
     </span>
     <span class='ocr_line' id='line_1_16' title="bbox 223 1980 1422 2065; baseline 0 -15"><span class='ocrx_word' id='word_1_126' title='bbox 223 1983 349 2050; x_wconf 88' lang='lat' dir='ltr'>videre.</span> <span class='ocrx_word' id='word_1_127' title='bbox 395 1981 492 2049; x_wconf 88' lang='lat' dir='ltr'>Unde</span> <span class='ocrx_word' id='word_1_128' title='bbox 525 1980 561 2047; x_wconf 92' lang='lat' dir='ltr'>in</span> <span class='ocrx_word' id='word_1_129' title='bbox 595 1981 743 2062; x_wconf 87' lang='lat' dir='ltr'>antiquis</span> <span class='ocrx_word' id='word_1_130' title='bbox 781 1980 925 2048; x_wconf 88' lang='lat' dir='ltr'>cronicis</span> <span class='ocrx_word' id='word_1_131' title='bbox 963 1983 1005 2047; x_wconf 90' lang='lat' dir='ltr'>de</span> <span class='ocrx_word' id='word_1_132' title='bbox 1041 1982 1194 2065; x_wconf 82' lang='lat' dir='ltr'>Athenio,</span> <span class='ocrx_word' id='word_1_133' title='bbox 1234 2001 1319 2064; x_wconf 90' lang='lat' dir='ltr'>quac</span> <span class='ocrx_word' id='word_1_134' title='bbox 1356 1981 1422 2050; x_wconf 84' lang='lat' dir='ltr'>fuit</span> 
     </span>
     <span class='ocr_line' id='line_1_17' title="bbox 224 2084 1422 2168; baseline 0 -15"><span class='ocrx_word' id='word_1_135' title='bbox 224 2089 389 2168; x_wconf 90' lang='lat' dir='ltr'>quondam</span> <span class='ocrx_word' id='word_1_136' title='bbox 419 2084 641 2152; x_wconf 82' lang='lat' dir='ltr'>famosissima</span> <span class='ocrx_word' id='word_1_137' title='bbox 672 2087 803 2168; x_wconf 73' lang='lat' dir='ltr'>civitae,</span> <span class='ocrx_word' id='word_1_138' title='bbox 835 2085 996 2152; x_wconf 84' lang='lat' dir='ltr'>scribitur</span> <span class='ocrx_word' id='word_1_139' title='bbox 1026 2085 1091 2153; x_wconf 91' lang='lat' dir='ltr'>sic:</span> <span class='ocrx_word' id='word_1_140' title='bbox 1125 2087 1272 2168; x_wconf 88' lang='lat' dir='ltr'>„Latens</span> <span class='ocrx_word' id='word_1_141' title='bbox 1303 2086 1422 2165; x_wconf 88' lang='lat' dir='ltr'>odium,</span> 
     </span>
     <span class='ocr_line' id='line_1_18' title="bbox 223 2190 1422 2276; baseline 0 -20"><span class='ocrx_word' id='word_1_142' title='bbox 223 2191 395 2273; x_wconf 84' lang='lat' dir='ltr'>privatum</span> <span class='ocrx_word' id='word_1_143' title='bbox 418 2192 630 2274; x_wconf 89' lang='lat' dir='ltr'>commodum,</span> <span class='ocrx_word' id='word_1_144' title='bbox 650 2190 799 2276; x_wconf 86' lang='lat' dir='ltr'>juvenile</span> <span class='ocrx_word' id='word_1_145' title='bbox 825 2190 995 2257; x_wconf 90' lang='lat' dir='ltr'>consilium</span> <span class='ocrx_word' id='word_1_146' title='bbox 1020 2192 1205 2258; x_wconf 87' lang='lat' dir='ltr'>destructio</span> <span class='ocrx_word' id='word_1_147' title='bbox 1228 2190 1293 2257; x_wconf 86' lang='lat' dir='ltr'>fuit</span> <span class='ocrx_word' id='word_1_148' title='bbox 1315 2193 1422 2258; x_wconf 81' lang='lat' dir='ltr'>Athe·</span> 
     </span>
     <span class='ocr_line' id='line_1_19' title="bbox 223 2295 416 2362; baseline -0.01 0"><span class='ocrx_word' id='word_1_149' title='bbox 223 2295 416 2362; x_wconf 89' lang='lat' dir='ltr'>niensium.“</span> 
     </span>
    </p>

    <p class='ocr_par' dir='ltr' id='par_1_5' title="bbox 214 2397 1421 3627">
     <span class='ocr_line' id='line_1_20' title="bbox 330 2397 1421 2482; baseline 0.003 -18"><span class='ocrx_word' id='word_1_150' title='bbox 330 2397 448 2465; x_wconf 91' lang='lat' dir='ltr'>Omnia</span> <span class='ocrx_word' id='word_1_151' title='bbox 478 2416 607 2480; x_wconf 87' lang='lat' dir='ltr'>quoque</span> <span class='ocrx_word' id='word_1_152' title='bbox 630 2399 783 2480; x_wconf 85' lang='lat' dir='ltr'>superius</span> <span class='ocrx_word' id='word_1_153' title='bbox 823 2399 894 2480; x_wconf 88' lang='lat' dir='ltr'>„De</span> <span class='ocrx_word' id='word_1_154' title='bbox 929 2398 1093 2465; x_wconf 91' lang='lat' dir='ltr'>electione</span> <span class='ocrx_word' id='word_1_155' title='bbox 1117 2399 1260 2481; x_wconf 86' lang='lat' dir='ltr'>judicis“</span> <span class='ocrx_word' id='word_1_156' title='bbox 1292 2401 1421 2482; x_wconf 87' lang='lat' dir='ltr'>scripta</span> 
     </span>
     <span class='ocr_line' id='line_1_21' title="bbox 222 2501 1418 2589; baseline 0.002 -20"><span class='ocrx_word' id='word_1_157' title='bbox 222 2506 266 2569; x_wconf 89' lang='lat' dir='ltr'>de</span> <span class='ocrx_word' id='word_1_158' title='bbox 285 2501 418 2588; x_wconf 78' lang='lat' dir='ltr'>Juratis,</span> <span class='ocrx_word' id='word_1_159' title='bbox 449 2503 506 2584; x_wconf 83' lang='lat' dir='ltr'>qui</span> <span class='ocrx_word' id='word_1_160' title='bbox 536 2506 677 2570; x_wconf 87' lang='lat' dir='ltr'>absente</span> <span class='ocrx_word' id='word_1_161' title='bbox 702 2503 816 2585; x_wconf 86' lang='lat' dir='ltr'>judice</span> <span class='ocrx_word' id='word_1_162' title='bbox 846 2504 919 2587; x_wconf 91' lang='lat' dir='ltr'>ejus</span> <span class='ocrx_word' id='word_1_163' title='bbox 950 2503 1058 2570; x_wconf 88' lang='lat' dir='ltr'>vicem</span> <span class='ocrx_word' id='word_1_164' title='bbox 1089 2505 1256 2589; x_wconf 90' lang='lat' dir='ltr'>supplent,</span> <span class='ocrx_word' id='word_1_165' title='bbox 1287 2508 1418 2585; x_wconf 87' lang='lat' dir='ltr'>quando</span> 
     </span>
     <span class='ocr_line' id='line_1_22' title="bbox 222 2605 1418 2692; baseline 0.002 -17"><span class='ocrx_word' id='word_1_166' title='bbox 222 2611 348 2675; x_wconf 90' lang='lat' dir='ltr'>debent</span> <span class='ocrx_word' id='word_1_167' title='bbox 370 2608 459 2692; x_wconf 90' lang='lat' dir='ltr'>eligi,</span> <span class='ocrx_word' id='word_1_168' title='bbox 481 2612 561 2675; x_wconf 93' lang='lat' dir='ltr'>sunt</span> <span class='ocrx_word' id='word_1_169' title='bbox 584 2610 760 2674; x_wconf 87' lang='lat' dir='ltr'>servanda.</span> <span class='ocrx_word' id='word_1_170' title='bbox 783 2607 830 2671; x_wconf 82' lang='lat' dir='ltr'>Et</span> <span class='ocrx_word' id='word_1_171' title='bbox 852 2607 990 2688; x_wconf 89' lang='lat' dir='ltr'>insuper</span> <span class='ocrx_word' id='word_1_172' title='bbox 1006 2609 1139 2692; x_wconf 87' lang='lat' dir='ltr'>juratis,</span> <span class='ocrx_word' id='word_1_173' title='bbox 1155 2627 1176 2673; x_wconf 91' lang='lat' dir='ltr'>a</span> <span class='ocrx_word' id='word_1_174' title='bbox 1192 2610 1310 2690; x_wconf 88' lang='lat' dir='ltr'>quibus</span> <span class='ocrx_word' id='word_1_175' title='bbox 1326 2605 1418 2677; x_wconf 89' lang='lat' dir='ltr'>salus</span> 
     </span>
     <span class='ocr_line' id='line_1_23' title="bbox 221 2711 1418 2796; baseline 0.001 -17"><span class='ocrx_word' id='word_1_176' title='bbox 221 2717 259 2779; x_wconf 88' lang='lat' dir='ltr'>et</span> <span class='ocrx_word' id='word_1_177' title='bbox 282 2713 465 2794; x_wconf 90' lang='lat' dir='ltr'>periculum</span> <span class='ocrx_word' id='word_1_178' title='bbox 487 2718 555 2778; x_wconf 91' lang='lat' dir='ltr'>tam</span> <span class='ocrx_word' id='word_1_179' title='bbox 582 2711 706 2794; x_wconf 90' lang='lat' dir='ltr'>judicis</span> <span class='ocrx_word' id='word_1_180' title='bbox 737 2730 836 2793; x_wconf 87' lang='lat' dir='ltr'>quam</span> <span class='ocrx_word' id='word_1_181' title='bbox 863 2711 1117 2796; x_wconf 88' lang='lat' dir='ltr'>judicandorum</span> <span class='ocrx_word' id='word_1_182' title='bbox 1147 2715 1323 2796; x_wconf 86' lang='lat' dir='ltr'>dependet,</span> <span class='ocrx_word' id='word_1_183' title='bbox 1346 2733 1418 2780; x_wconf 92' lang='lat' dir='ltr'>cum</span> 
     </span>
     <span class='ocr_line' id='line_1_24' title="bbox 221 2815 1420 2901; baseline 0 -17"><span class='ocrx_word' id='word_1_184' title='bbox 221 2815 400 2901; x_wconf 90' lang='lat' dir='ltr'>diligentia</span> <span class='ocrx_word' id='word_1_185' title='bbox 421 2817 538 2885; x_wconf 86' lang='lat' dir='ltr'>videre</span> <span class='ocrx_word' id='word_1_186' title='bbox 563 2824 731 2898; x_wconf 88' lang='lat' dir='ltr'>tenentur,</span> <span class='ocrx_word' id='word_1_187' title='bbox 755 2819 844 2897; x_wconf 91' lang='lat' dir='ltr'>quod</span> <span class='ocrx_word' id='word_1_188' title='bbox 867 2817 1046 2899; x_wconf 89' lang='lat' dir='ltr'>unicuique</span> <span class='ocrx_word' id='word_1_189' title='bbox 1068 2819 1184 2884; x_wconf 91' lang='lat' dir='ltr'>debita</span> <span class='ocrx_word' id='word_1_190' title='bbox 1206 2818 1266 2884; x_wconf 81' lang='lat' dir='ltr'>liat</span> <span class='ocrx_word' id='word_1_191' title='bbox 1286 2818 1420 2901; x_wconf 88' lang='lat' dir='ltr'>justitia</span> 
     </span>
     <span class='ocr_line' id='line_1_25' title="bbox 219 2920 1417 3004; baseline 0.003 -18"><span class='ocrx_word' id='word_1_192' title='bbox 219 2927 260 2987; x_wconf 91' lang='lat' dir='ltr'>et</span> <span class='ocrx_word' id='word_1_193' title='bbox 297 2921 469 3004; x_wconf 91' lang='lat' dir='ltr'>condigna.</span> <span class='ocrx_word' id='word_1_194' title='bbox 507 2920 604 2987; x_wconf 90' lang='lat' dir='ltr'>Unde</span> <span class='ocrx_word' id='word_1_195' title='bbox 642 2940 716 2987; x_wconf 89' lang='lat' dir='ltr'>curn</span> <span class='ocrx_word' id='word_1_196' title='bbox 751 2920 816 3002; x_wconf 90' lang='lat' dir='ltr'>ipsi</span> <span class='ocrx_word' id='word_1_197' title='bbox 845 2921 1116 3004; x_wconf 87' lang='lat' dir='ltr'>principalissimi</span> <span class='ocrx_word' id='word_1_198' title='bbox 1146 2921 1214 2987; x_wconf 89' lang='lat' dir='ltr'>sint</span> <span class='ocrx_word' id='word_1_199' title='bbox 1244 2927 1351 2987; x_wconf 85' lang='lat' dir='ltr'>testes</span> <span class='ocrx_word' id='word_1_200' title='bbox 1381 2922 1417 2989; x_wconf 91' lang='lat' dir='ltr'>in</span> 
     </span>
     <span class='ocr_line' id='line_1_26' title="bbox 214 3024 1416 3108; baseline 0.002 -17"><span class='ocrx_word' id='word_1_201' title='bbox 214 3024 345 3108; x_wconf 89' lang='lat' dir='ltr'>jndicio</span> <span class='ocrx_word' id='word_1_202' title='bbox 368 3030 403 3092; x_wconf 89' lang='lat' dir='ltr'>et</span> <span class='ocrx_word' id='word_1_203' title='bbox 426 3025 461 3091; x_wconf 93' lang='lat' dir='ltr'>in</span> <span class='ocrx_word' id='word_1_204' title='bbox 484 3024 635 3091; x_wconf 86' lang='lat' dir='ltr'>omnibus</span> <span class='ocrx_word' id='word_1_205' title='bbox 659 3024 769 3090; x_wconf 89' lang='lat' dir='ltr'>causis</span> <span class='ocrx_word' id='word_1_206' title='bbox 792 3026 836 3090; x_wconf 90' lang='lat' dir='ltr'>ad</span> <span class='ocrx_word' id='word_1_207' title='bbox 860 3043 917 3091; x_wconf 90' lang='lat' dir='ltr'>eos</span> <span class='ocrx_word' id='word_1_208' title='bbox 940 3026 1104 3108; x_wconf 91' lang='lat' dir='ltr'>deductis,</span> <span class='ocrx_word' id='word_1_209' title='bbox 1135 3044 1266 3107; x_wconf 88' lang='lat' dir='ltr'>semper</span> <span class='ocrx_word' id='word_1_210' title='bbox 1292 3026 1416 3094; x_wconf 87' lang='lat' dir='ltr'>habere</span> 
     </span>
     <span class='ocr_line' id='line_1_27' title="bbox 219 3128 1416 3212; baseline 0.001 -16"><span class='ocrx_word' id='word_1_211' title='bbox 219 3131 349 3196; x_wconf 88' lang='lat' dir='ltr'>debent</span> <span class='ocrx_word' id='word_1_212' title='bbox 383 3129 418 3193; x_wconf 96' lang='lat' dir='ltr'>in</span> <span class='ocrx_word' id='word_1_213' title='bbox 451 3130 617 3212; x_wconf 85' lang='lat' dir='ltr'>memoria,</span> <span class='ocrx_word' id='word_1_214' title='bbox 649 3131 736 3208; x_wconf 89' lang='lat' dir='ltr'>quod</span> <span class='ocrx_word' id='word_1_215' title='bbox 765 3128 871 3194; x_wconf 86' lang='lat' dir='ltr'>falsus</span> <span class='ocrx_word' id='word_1_216' title='bbox 902 3130 1003 3196; x_wconf 91' lang='lat' dir='ltr'>testis</span> <span class='ocrx_word' id='word_1_217' title='bbox 1033 3129 1140 3196; x_wconf 87' lang='lat' dir='ltr'>tribus</span> <span class='ocrx_word' id='word_1_218' title='bbox 1171 3135 1224 3196; x_wconf 88' lang='lat' dir='ltr'>cst</span> <span class='ocrx_word' id='word_1_219' title='bbox 1255 3131 1416 3199; x_wconf 87' lang='lat' dir='ltr'>obnoxius</span> 
     </span>
     <span class='ocr_line' id='line_1_28' title="bbox 219 3233 1416 3318; baseline 0.004 -20"><span class='ocrx_word' id='word_1_220' title='bbox 219 3233 392 3317; x_wconf 87' lang='lat' dir='ltr'>personis:</span> <span class='ocrx_word' id='word_1_221' title='bbox 414 3233 526 3299; x_wconf 88' lang='lat' dir='ltr'>Primo</span> <span class='ocrx_word' id='word_1_222' title='bbox 548 3233 630 3310; x_wconf 89' lang='lat' dir='ltr'>Deo,</span> <span class='ocrx_word' id='word_1_223' title='bbox 653 3235 747 3317; x_wconf 89' lang='lat' dir='ltr'>cujus</span> <span class='ocrx_word' id='word_1_224' title='bbox 764 3236 991 3316; x_wconf 88' lang='lat' dir='ltr'>praesentiam</span> <span class='ocrx_word' id='word_1_225' title='bbox 1007 3235 1199 3318; x_wconf 87' lang='lat' dir='ltr'>contemnit,</span> <span class='ocrx_word' id='word_1_226' title='bbox 1222 3235 1313 3301; x_wconf 87' lang='lat' dir='ltr'>Deus</span> <span class='ocrx_word' id='word_1_227' title='bbox 1329 3238 1416 3303; x_wconf 90' lang='lat' dir='ltr'>enim</span> 
     </span>
     <span class='ocr_line' id='line_1_29' title="bbox 219 3336 1419 3420; baseline 0.003 -16"><span class='ocrx_word' id='word_1_228' title='bbox 219 3337 312 3404; x_wconf 92' lang='lat' dir='ltr'>omni</span> <span class='ocrx_word' id='word_1_229' title='bbox 330 3336 456 3418; x_wconf 86' lang='lat' dir='ltr'>jndicio</span> <span class='ocrx_word' id='word_1_230' title='bbox 480 3355 642 3419; x_wconf 87' lang='lat' dir='ltr'>praesens</span> <span class='ocrx_word' id='word_1_231' title='bbox 664 3339 777 3417; x_wconf 74' lang='lat' dir='ltr'>adest,</span> <span class='ocrx_word' id='word_1_232' title='bbox 806 3338 927 3404; x_wconf 89' lang='lat' dir='ltr'>deinde</span> <span class='ocrx_word' id='word_1_233' title='bbox 953 3337 1070 3420; x_wconf 90' lang='lat' dir='ltr'>judici,</span> <span class='ocrx_word' id='word_1_234' title='bbox 1102 3357 1200 3419; x_wconf 89' lang='lat' dir='ltr'>quem</span> <span class='ocrx_word' id='word_1_235' title='bbox 1229 3342 1419 3408; x_wconf 89' lang='lat' dir='ltr'>mentiendo</span> 
     </span>
     <span class='ocr_line' id='line_1_30' title="bbox 218 3432 1418 3522; baseline 0.002 -14"><span class='ocrx_word' id='word_1_236' title='bbox 218 3440 327 3521; x_wconf 75' lang='lat' dir='ltr'>fallio,</span> <span class='ocrx_word' id='word_1_237' title='bbox 349 3445 385 3506; x_wconf 89' lang='lat' dir='ltr'>et</span> <span class='ocrx_word' id='word_1_238' title='bbox 407 3441 510 3507; x_wconf 90' lang='lat' dir='ltr'>tertio</span> <span class='ocrx_word' id='word_1_239' title='bbox 533 3441 712 3518; x_wconf 87' lang='lat' dir='ltr'>innocenti,</span> <span class='ocrx_word' id='word_1_240' title='bbox 736 3461 832 3522; x_wconf 90' lang='lat' dir='ltr'>quem</span> <span class='ocrx_word' id='word_1_241' title='bbox 855 3441 939 3508; x_wconf 84' lang='lat' dir='ltr'>falso</span> <span class='ocrx_word' id='word_1_242' title='bbox 963 3432 1068 3508; x_wconf 69' lang='lat' dir='ltr'>laedit</span> <span class='ocrx_word' id='word_1_243' title='bbox 1091 3443 1290 3510; x_wconf 87' lang='lat' dir='ltr'>testimonio.</span> <span class='ocrx_word' id='word_1_244' title='bbox 1323 3444 1418 3510; x_wconf 90' lang='lat' dir='ltr'>Unde</span> 
     </span>
     <span class='ocr_line' id='line_1_31' title="bbox 220 3545 1418 3627; baseline 0.003 -17"><span class='ocrx_word' id='word_1_245' title='bbox 220 3563 297 3611; x_wconf 87' lang='lat' dir='ltr'>cum</span> <span class='ocrx_word' id='word_1_246' title='bbox 319 3549 460 3624; x_wconf 87' lang='lat' dir='ltr'>uterque</span> <span class='ocrx_word' id='word_1_247' title='bbox 482 3545 530 3610; x_wconf 92' lang='lat' dir='ltr'>sit</span> <span class='ocrx_word' id='word_1_248' title='bbox 551 3563 638 3622; x_wconf 92' lang='lat' dir='ltr'>reus,</span> <span class='ocrx_word' id='word_1_249' title='bbox 662 3551 698 3611; x_wconf 90' lang='lat' dir='ltr'>et</span> <span class='ocrx_word' id='word_1_250' title='bbox 721 3546 777 3626; x_wconf 89' lang='lat' dir='ltr'>qui</span> <span class='ocrx_word' id='word_1_251' title='bbox 804 3547 985 3613; x_wconf 90' lang='lat' dir='ltr'>veritatem</span> <span class='ocrx_word' id='word_1_252' title='bbox 1001 3547 1149 3614; x_wconf 91' lang='lat' dir='ltr'>occultat</span> <span class='ocrx_word' id='word_1_253' title='bbox 1164 3554 1199 3613; x_wconf 92' lang='lat' dir='ltr'>et</span> <span class='ocrx_word' id='word_1_254' title='bbox 1215 3548 1272 3627; x_wconf 89' lang='lat' dir='ltr'>qui</span> <span class='ocrx_word' id='word_1_255' title='bbox 1288 3549 1418 3614; x_wconf 87' lang='lat' dir='ltr'>menda·</span> 
     </span>
    </p>

    <p class='ocr_par' dir='ltr' id='par_1_6' title="bbox 198 3649 1437 4049">
     <span class='ocr_line' id='line_1_32' title="bbox 198 3649 1420 3740; baseline 0.001 -24"><span class='ocrx_word' id='word_1_256' title='bbox 198 3729 200 3733; x_wconf 37' lang='grc'><strong>,</strong></span> <span class='ocrx_word' id='word_1_257' title='bbox 220 3649 308 3716; x_wconf 92' lang='lat' dir='ltr'>cium</span> <span class='ocrx_word' id='word_1_258' title='bbox 331 3649 426 3740; x_wconf 86' lang='lat' dir='ltr'>dicit,</span> <span class='ocrx_word' id='word_1_259' title='bbox 443 3649 521 3730; x_wconf 85' lang='lat' dir='ltr'>quia</span> <span class='ocrx_word' id='word_1_260' title='bbox 547 3649 603 3715; x_wconf 91' lang='lat' dir='ltr'>ille</span> <span class='ocrx_word' id='word_1_261' title='bbox 620 3651 779 3732; x_wconf 89' lang='lat' dir='ltr'>prodesse</span> <span class='ocrx_word' id='word_1_262' title='bbox 797 3669 863 3717; x_wconf 93' lang='lat' dir='ltr'>non</span> <span class='ocrx_word' id='word_1_263' title='bbox 880 3652 952 3717; x_wconf 90' lang='lat' dir='ltr'>vnlt</span> <span class='ocrx_word' id='word_1_264' title='bbox 967 3659 1003 3718; x_wconf 93' lang='lat' dir='ltr'>et</span> <span class='ocrx_word' id='word_1_265' title='bbox 1018 3652 1084 3718; x_wconf 91' lang='lat' dir='ltr'>iste</span> <span class='ocrx_word' id='word_1_266' title='bbox 1100 3669 1222 3717; x_wconf 88' lang='lat' dir='ltr'>nocere</span> <span class='ocrx_word' id='word_1_267' title='bbox 1238 3652 1420 3733; x_wconf 89' lang='lat' dir='ltr'>desiderat,</span> 
     </span>
     <span class='ocr_line' id='line_1_33' title="bbox 215 3752 1421 3840; baseline 0.002 -21"><span class='ocrx_word' id='word_1_268' title='bbox 215 3755 325 3840; x_wconf 86' lang='lat' dir='ltr'>jurati</span> <span class='ocrx_word' id='word_1_269' title='bbox 348 3752 475 3821; x_wconf 82' lang='lat' dir='ltr'>cavere</span> <span class='ocrx_word' id='word_1_270' title='bbox 492 3755 627 3837; x_wconf 89' lang='lat' dir='ltr'>debent,</span> <span class='ocrx_word' id='word_1_271' title='bbox 661 3772 702 3820; x_wconf 97' lang='lat' dir='ltr'>ne</span> <span class='ocrx_word' id='word_1_272' title='bbox 726 3755 897 3822; x_wconf 92' lang='lat' dir='ltr'>occultent</span> <span class='ocrx_word' id='word_1_273' title='bbox 922 3757 1100 3823; x_wconf 86' lang='lat' dir='ltr'>veritatem</span> <span class='ocrx_word' id='word_1_274' title='bbox 1124 3761 1159 3822; x_wconf 90' lang='lat' dir='ltr'>et</span> <span class='ocrx_word' id='word_1_275' title='bbox 1181 3775 1224 3821; x_wconf 90' lang='lat' dir='ltr'>nc</span> <span class='ocrx_word' id='word_1_276' title='bbox 1247 3758 1421 3838; x_wconf 75' lang='lat' dir='ltr'>proterant</span> 
     </span>
     <span class='ocr_line' id='line_1_34' title="bbox 220 3857 1437 3942; baseline -0.001 -17"><span class='ocrx_word' id='word_1_277' title='bbox 220 3857 416 3938; x_wconf 87' lang='lat' dir='ltr'>falsitatem.</span> <span class='ocrx_word' id='word_1_278' title='bbox 440 3858 486 3924; x_wconf 84' lang='lat' dir='ltr'>Et</span> <span class='ocrx_word' id='word_1_279' title='bbox 508 3857 584 3924; x_wconf 94' lang='lat' dir='ltr'>ideo</span> <span class='ocrx_word' id='word_1_280' title='bbox 608 3875 782 3941; x_wconf 87' lang='lat' dir='ltr'>personae,</span> <span class='ocrx_word' id='word_1_281' title='bbox 813 3878 898 3939; x_wconf 86' lang='lat' dir='ltr'>quae</span> <span class='ocrx_word' id='word_1_282' title='bbox 922 3860 1057 3925; x_wconf 91' lang='lat' dir='ltr'>mentiri</span> <span class='ocrx_word' id='word_1_283' title='bbox 1080 3867 1337 3942; x_wconf 89' lang='lat' dir='ltr'>consueverunt,</span> <span class='ocrx_word' id='word_1_284' title='bbox 1360 3879 1437 3940; x_wconf 90' lang='lat' dir='ltr'>pro</span> 
     </span>
     <span class='ocr_line' id='line_1_35' title="bbox 216 3962 1421 4049; baseline 0.001 -20"><span class='ocrx_word' id='word_1_285' title='bbox 216 3963 342 4049; x_wconf 88' lang='lat' dir='ltr'>juratis</span> <span class='ocrx_word' id='word_1_286' title='bbox 380 3963 572 4030; x_wconf 87' lang='lat' dir='ltr'>nullatenus</span> <span class='ocrx_word' id='word_1_287' title='bbox 610 3969 832 4030; x_wconf 85' lang='lat' dir='ltr'>assumantur.</span> <span class='ocrx_word' id='word_1_288' title='bbox 874 3963 969 4047; x_wconf 90' lang='lat' dir='ltr'>Item,</span> <span class='ocrx_word' id='word_1_289' title='bbox 1008 3964 1037 4030; x_wconf 93' lang='lat' dir='ltr'>si</span> <span class='ocrx_word' id='word_1_290' title='bbox 1076 3964 1197 4046; x_wconf 86' lang='lat' dir='ltr'>aliquis</span> <span class='ocrx_word' id='word_1_291' title='bbox 1232 3962 1421 4046; x_wconf 89' lang='lat' dir='ltr'>juratorum</span> 
     </span>
    </p>

    <p class='ocr_par' dir='ltr' id='par_1_7' title="bbox 194 4066 1418 4156">
     <span class='ocr_line' id='line_1_36' title="bbox 194 4066 1418 4156; baseline 0.002 -22"><span class='ocrx_word' id='word_1_292' title='bbox 194 4066 373 4150; x_wconf 85' lang='lat' dir='ltr'>moritur,</span> <span class='ocrx_word' id='word_1_293' title='bbox 402 4068 457 4133; x_wconf 85' lang='lat' dir='ltr'>vel</span> <span class='ocrx_word' id='word_1_294' title='bbox 488 4086 530 4134; x_wconf 85' lang='lat' dir='ltr'>ex</span> <span class='ocrx_word' id='word_1_295' title='bbox 552 4067 788 4148; x_wconf 88' lang='lat' dir='ltr'>impedimento</span> <span class='ocrx_word' id='word_1_296' title='bbox 818 4068 969 4151; x_wconf 88' lang='lat' dir='ltr'>legitimo</span> <span class='ocrx_word' id='word_1_297' title='bbox 1001 4068 1144 4135; x_wconf 85' lang='lat' dir='ltr'>officium</span> <span class='ocrx_word' id='word_1_298' title='bbox 1175 4087 1269 4134; x_wconf 87' lang='lat' dir='ltr'>suurn</span> <span class='ocrx_word' id='word_1_299' title='bbox 1299 4087 1418 4156; x_wconf 88' lang='lat' dir='ltr'>regare</span> 
     </span>
    </p>

    <p class='ocr_par' dir='ltr' id='par_1_8' title="bbox 199 4169 1419 4363">
     <span class='ocr_line' id='line_1_37' title="bbox 199 4169 1419 4254; baseline 0.002 -18"><span class='ocrx_word' id='word_1_300' title='bbox 199 4188 286 4252; x_wconf 32' lang='lat' dir='ltr'>„non</span> <span class='ocrx_word' id='word_1_301' title='bbox 323 4169 436 4252; x_wconf 89' lang='lat' dir='ltr'>possit,</span> <span class='ocrx_word' id='word_1_302' title='bbox 466 4173 555 4237; x_wconf 89' lang='lat' dir='ltr'>unde</span> <span class='ocrx_word' id='word_1_303' title='bbox 590 4176 628 4236; x_wconf 88' lang='lat' dir='ltr'>ut</span> <span class='ocrx_word' id='word_1_304' title='bbox 662 4190 818 4238; x_wconf 89' lang='lat' dir='ltr'>numerus</span> <span class='ocrx_word' id='word_1_305' title='bbox 849 4171 1034 4254; x_wconf 86' lang='lat' dir='ltr'>juratorum</span> <span class='ocrx_word' id='word_1_306' title='bbox 1070 4191 1201 4254; x_wconf 89' lang='lat' dir='ltr'>semper</span> <span class='ocrx_word' id='word_1_307' title='bbox 1235 4173 1419 4253; x_wconf 89' lang='lat' dir='ltr'>completus</span> 
     </span>
     <span class='ocr_line' id='line_1_38' title="bbox 218 4274 1179 4363; baseline 0.003 -23"><span class='ocrx_word' id='word_1_308' title='bbox 218 4274 394 4357; x_wconf 82' lang='lat' dir='ltr'>habeatur,</span> <span class='ocrx_word' id='word_1_309' title='bbox 418 4276 505 4341; x_wconf 89' lang='lat' dir='ltr'>aiter</span> <span class='ocrx_word' id='word_1_310' title='bbox 528 4276 599 4341; x_wconf 94' lang='lat' dir='ltr'>loco</span> <span class='ocrx_word' id='word_1_311' title='bbox 623 4275 726 4357; x_wconf 84' lang='lat' dir='ltr'>ipsius</span> <span class='ocrx_word' id='word_1_312' title='bbox 751 4276 987 4342; x_wconf 86' lang='lat' dir='ltr'>constituatur.</span> <span class='ocrx_word' id='word_1_313' title='bbox 1012 4274 1066 4362; x_wconf 82' lang='lat' dir='ltr'>(R.</span> <span class='ocrx_word' id='word_1_314' title='bbox 1089 4275 1179 4363; x_wconf 85' lang='lat'>408.)</span> 
     </span>
    </p>

    <p class='ocr_par' dir='ltr' id='par_1_9' title="bbox 1268 4399 1315 4450">
     <span class='ocr_line' id='line_1_39' title="bbox 1268 4399 1315 4450; baseline 0.043 -2"><span class='ocrx_word' id='word_1_315' title='bbox 1268 4399 1315 4450; x_wconf 81' lang='lat' dir='ltr'>ta*</span> 
     </span>
    </p>
   </div>
   <div class='ocr_carea' id='block_1_4' title="bbox 0 0 1642 5009">
    <p class='ocr_par' dir='ltr' id='par_1_10' title="bbox 0 0 1642 5009">
     <span class='ocr_line' id='line_1_40' title="bbox 0 0 1642 5009; baseline 0 2"><span class='ocrx_word' id='word_1_316' title='bbox 0 0 1642 5009; x_wconf 95' lang='lat' dir='ltr'> </span> 
     </span>
    </p>
   </div>
  </div>
 </body>
</html>
