3275 5009
284 335 337 388 266
800 332 966 387 Sententiae

283 543 475 626 praestabit
487 540 670 626 corporale,
681 544 768 623 quod
780 541 871 608 illam
883 546 1034 621 tempore
1049 538 1230 622 primarum
1245 539 1473 621 exceptionum

283 647 491 733 ignoraverit
514 646 569 713 vel
590 647 626 711 in
648 646 805 742 memoria
828 665 894 713 non
916 645 1073 711 habuerit
1095 662 1259 726 quoquam
1281 646 1384 710 modo.

387 789 461 853 698.
479 786 529 850 Dc
545 788 730 869 acceptione
745 786 894 848 criminis
912 794 1023 847 contra
1040 793 1157 852 testam.
1175 784 1211 851 Si
1225 791 1341 849 contra
1357 788 1475 849 testem

284 893 482 974 excipiatur,
519 891 609 971 quod
646 889 845 969 quandoque
883 893 1022 971 propter
1058 889 1182 955 crimen
1216 888 1281 955 sibi
1315 887 1475 970 obJeetum

284 1015 303 1062 a
326 995 517 1061 testimonio
537 995 583 1061 sit
598 994 770 1076 repulsus:
786 1013 828 1062 ex
841 994 907 1061 tali
921 992 1130 1076 exceptionis
1147 992 1344 1077 probatione
1359 993 1475 1058 iterum

283 1119 305 1166 a
326 1100 517 1166 testimonio
541 1102 762 1165 removeatur.

388 1241 463 1305 699.
487 1236 580 1310 Quod
603 1240 789 1322 quandoque
801 1236 903 1319 facta
919 1237 1120 1320 depositione
1136 1246 1249 1299 contra
1264 1246 1357 1300 lectas
1368 1245 1478 1320 potest

285 1342 396 1425 accipi
439 1342 474 1410 Si
509 1346 617 1409 testes
650 1360 740 1409 more
771 1341 871 1407 solito
904 1342 1114 1425 interrogati,
1146 1341 1238 1409 facta
1271 1338 1477 1423 depositione

284 1464 349 1511 non
387 1447 592 1530 subjungunt
628 1448 662 1511 in
696 1449 776 1514 fine:
816 1446 888 1529 „De
926 1447 989 1513 hoc
1025 1464 1137 1513 sumus
1174 1450 1282 1513 testes
1318 1463 1377 1526 pro
1411 1445 1478 1511 ista

283 1552 401 1632 parte“
419 1588 460 1597 -
478 1556 615 1634 propter
630 1553 693 1617 boc
708 1571 774 1618 non
791 1556 845 1617 est
861 1569 973 1616 eorum
996 1550 1219 1617 testimonium
1242 1551 1477 1632 repellendum.
1575 1593 1578 1606 .

283 1654 459 1721 Deiectum
483 1656 571 1722 enim
598 1656 678 1721 talis
709 1655 955 1739 subjunctionis
987 1655 1121 1737 supplet
1152 1655 1326 1736 requisitio
1355 1654 1478 1740 judicis

283 1762 496 1828 antecedens.

388 1901 460 1963 700.
476 1898 570 1971 Quod
584 1909 696 1961 contro
713 1909 807 1962 testes
826 1897 1025 1983 repellendos
1039 1900 1204 1982 accipitur
1214 1898 1264 1962 uel
1276 1899 1310 1960 in
1320 1920 1480 1983 personas

282 2003 332 2068 val
353 2005 389 2065 ia
411 2002 518 2066 verba.
543 2003 609 2088 Qui
624 2003 779 2086 producit
794 2007 912 2086 testes,
929 2008 1045 2070 contra
1062 2021 1221 2085 personas
1239 2022 1348 2071 eorum
1366 2003 1479 2069 dicere

282 2127 349 2175 nou
371 2113 484 2189 potest
506 2126 569 2173 nec
592 2109 626 2173 in
650 2125 710 2173 sua
733 2126 845 2190 cansa,
868 2126 930 2174 mec
954 2107 988 2172 in
1010 2108 1086 2191 alia,
1109 2107 1175 2173 nisi
1198 2126 1239 2173 ex
1261 2126 1347 2173 nova
1366 2126 1479 2190 causa,

282 2215 344 2279 sed
359 2212 394 2278 in
409 2213 501 2279 dicta
517 2231 628 2278 eorum
651 2214 736 2277 bene
758 2217 873 2294 potest
893 2213 1013 2279 dicere.
1036 2212 1084 2278 Et
1106 2217 1160 2277 est
1182 2212 1279 2295 ratio,
1303 2211 1387 2292 quia·
1405 2230 1479 2277 cum

284 2320 445 2399 producto
470 2323 559 2381 teste
581 2335 755 2397 personam
773 2321 844 2401 ejus
861 2318 1008 2397 approbo
1024 2325 1060 2382 ct
1075 2316 1149 2381 ideo
1167 2323 1284 2382 contra
1302 2334 1479 2398 personam

287 2422 360 2504 ejus
376 2422 489 2486 dicere
504 2439 570 2485 non
584 2438 736 2502 possum;
753 2428 787 2487 et
802 2420 878 2486 ideo
895 2420 924 2487 si
940 2422 1088 2503 approbo
1104 2420 1203 2503 illum,
1220 2439 1278 2502 pro
1296 2438 1346 2486 me
1361 2426 1484 2487 teneor

286 2526 436 2606 recipere
461 2527 551 2591 illum
574 2535 693 2592 contra
723 2544 782 2591 me.
818 2524 885 2591 Sed
915 2528 992 2605 quia
1026 2526 1152 2610 ignoro,
1186 2526 1265 2605 qnid
1298 2526 1400 2591 testis
1437 2526 1483 2591 sit

284 2629 444 2710 dicturus,
467 2630 542 2694 ideo
565 2628 600 2694 in
623 2633 726 2696 verba
750 2632 822 2714 ejus
846 2630 959 2697 dicere
982 2648 1124 2712 possum,
1148 2630 1214 2695 vid.
1245 2629 1323 2709 quia
1346 2634 1482 2695 contra-

283 2733 366 2799 dicit
397 2732 461 2799 sibi
485 2732 550 2814 ipsi
572 2733 752 2799 ueletiam
775 2736 851 2801 aliis
876 2736 1019 2801 testibus
1043 2734 1134 2812 meis
1165 2735 1219 2802 vel
1248 2733 1277 2798 si
1305 2733 1387 2798 facit
1423 2752 1481 2814 pro

282 2837 477 2903 adversario
500 2855 581 2902 meo.
609 2836 654 2902 Et
677 2840 718 2904 de
741 2840 867 2906 talibus
899 2841 1152 2922 exceptionibus
1182 2839 1345 2905 iaciendis
1376 2840 1482 2904 debet

284 2960 344 3023 per
368 2942 598 3022 excipientem,
622 2946 801 3024 autequam
824 2946 884 3011 fiat
907 2946 1109 3027 protestatio
1133 2942 1273 3025 publica,
1300 2944 1482 3025 interponi,

281 3050 348 3111 ‘isto
372 3048 483 3111 modo:
509 3045 669 3128 „Domine
688 3049 801 3131 judex,
824 3048 854 3113 si
876 3049 998 3129 aliquis
1027 3049 1161 3114 testium
1191 3066 1336 3114 meorum
1360 3067 1380 3113 a
1405 3067 1481 3129 pro·

284 3149 392 3231 posito
417 3169 487 3214 meo
511 3151 710 3233 deviaverit,
732 3157 872 3232 paratus
896 3170 967 3218 sum
992 3153 1091 3217 alium
1118 3156 1269 3218 statuere
1299 3153 1371 3218 loco
1396 3152 1481 3218 sui“.

283 3253 407 3319 Contra
431 3272 526 3333 quem
550 3260 659 3321 autem
685 3257 914 3337 producuntur
944 3262 1060 3337 testes,
1090 3260 1269 3336 antequam
1300 3259 1481 3338 deponant,

283 3364 395 3439 potest
408 3365 526 3425 contra
543 3377 702 3440 personas
719 3360 865 3441 ipsorum
882 3364 1046 3444 excipere,
1061 3362 1126 3427 vid.
1139 3361 1217 3441 quia
1234 3367 1313 3427 sunt
1327 3358 1481 3445 infames,

281 3463 416 3546 perjuri,
440 3464 697 3546 conspiratores
720 3463 846 3530 inimici
869 3467 930 3547 sui,
952 3467 1051 3545 servi,
1081 3464 1135 3531 vel
1159 3466 1236 3545 quia
1267 3472 1347 3531 sunt
1376 3463 1481 3531 nimia

279 3566 512 3632 familiaritate
535 3565 590 3631 vel
613 3568 811 3651 cognatione
845 3570 935 3648 parti
965 3572 1128 3635 adversae
1160 3570 1337 3653 conpuncti,
1370 3570 1481 3637 etsie

284 3672 325 3735 de
349 3670 584 3737 consimilibus.
617 3673 741 3738 Contra
763 3675 869 3738 verba
903 3692 982 3740 vero
1018 3692 1130 3739 eorum
1165 3680 1278 3756 potest
1310 3674 1482 3756 excipere,

283 3780 458 3855 postquam
481 3776 644 3857 depositio
664 3778 732 3860 J'am
756 3782 809 3841 est
832 3776 932 3860 facta,
961 3778 1023 3845 nisi
1047 3778 1202 3845 fortassis
1233 3797 1275 3843 ex
1305 3778 1481 3844 auditione

283 3878 501 3959 depositionis
525 3886 634 3945 sumat
657 3882 830 3946 materiam
855 3882 1044 3963 excipiendi
1072 3887 1188 3949 contra
1216 3901 1400 3965 personam.
1434 3884 1481 3949 Et

282 3982 312 4047 si
335 3986 442 4049 testes
466 3990 544 4048 sunt
566 3988 771 4066 approbatae
802 3986 894 4051 vitae
926 3993 961 4052 et
991 3987 1098 4054 fidelis
1130 3989 1405 4071 conservationis,
1437 3990 1481 4054 ad

284 4103 395 4151 eorum
420 4086 614 4169 petitionem
639 4089 693 4153 vel
716 4089 833 4172 partis,
857 4109 918 4172 per
938 4110 1035 4172 quam
1053 4093 1288 4173 producuntur,
1304 4094 1479 4175 excipiens

283 4188 463 4254 affirmabit
481 4190 671 4271 jnramento
695 4212 763 4270 suo,
786 4197 874 4272 qnod
897 4197 1126 4277 exceptionem
1155 4202 1271 4263 contra
1295 4216 1353 4263 eos
1378 4216 1479 4264 cause
1583 4284 1584 4287 Ἴ

279 4293 434 4376 Justitiae
457 4299 492 4358 et
515 4314 581 4360 mon
604 4314 646 4361 ex
668 4298 796 4362 malitia
817 4297 1019 4380 interponat.
