3275 5009
1325 344 1659 397 Bruueuses,
2590 345 2688 397 195

491 556 652 620 482.
699 553 800 616 De
849 551 1088 615 litteris
1127 553 1665 635 proscriptionis,
1716 551 1914 619 Cives
1956 550 2397 639 (Pragenses)
2432 551 2689 619 civibus

255 659 718 742 scripserunt
743 657 872 724 sic:
904 656 1395 740 „Prudentibus
1418 656 1587 722 viris
1615 661 1741 723 etc.
1766 657 2173 723 Prudentiae
2201 662 2474 723 vestrae
2499 675 2689 738 prae·

254 763 602 830 sentibus
634 764 1032 836 innotescat,
1061 763 1236 840 quod
1265 760 1575 826 Andreas
1602 759 1697 842 T„
1721 759 2017 828 concivis
2049 764 2299 842 noster,
2322 759 2394 825 in
2416 765 2689 828 nostrae

252 866 596 936 civitatis
635 865 910 951 judicio,
971 870 1169 948 prout
1214 863 1283 928 in
1330 861 1582 929 nostris
1627 863 1876 930 tabulis
1924 869 1996 929 et
2038 862 2232 930 libris
2294 863 2688 947 invenimuS,

255 971 667 1038 Fridlinum
736 969 999 1054 (talem)
1069 969 1247 1051 apud
1307 986 1427 1035 vos
1487 969 1835 1034 detentum
1895 967 2090 1049 pleno
2144 966 2297 1050 jure
2356 966 2686 1049 proscribi

260 1075 688 1156 procuravit
733 1079 802 1140 et
847 1075 1042 1157 plene
1095 1074 1208 1157 jus
1254 1091 1442 1139 suum
1504 1077 1610 1138 est
1664 1078 2035 1156 assecutus,
2096 1090 2298 1154 super
2358 1089 2454 1152 eo,
2516 1072 2690 1150 quod

258 1179 420 1260 ipse
448 1178 812 1246 Fridlinus
836 1179 1015 1244 dicto
1043 1179 1354 1244 Andreae
1380 1195 1653 1244 uxorem
1679 1194 1868 1242 suam
1892 1194 2026 1241 una
2043 1195 2185 1243 cum
2202 1179 2403 1243 rebus
2439 1176 2688 1244 valoris

255 1283 333 1350 X
383 1303 538 1350 sex.
591 1304 706 1368 gr„
752 1284 883 1350 Dei
936 1287 1004 1349 et
1058 1282 1232 1366 juris
1293 1281 1533 1348 timore
1596 1281 1989 1363 postposite,
2048 1280 2218 1346 alias
2280 1279 2564 1367 abstulit
2610 1298 2689 1344 ac

265 1389 592 1454 deduxit.
645 1386 971 1472 Quocirca
1019 1405 1138 1455 vos
1171 1403 1483 1469 rogamus
1516 1385 1798 1462 sincere,
1834 1388 2166 1463 quatenus
2198 1383 2328 1466 ipsi
2358 1385 2689 1466 Andreae,

259 1491 380 1557 cui
435 1512 620 1559 uxor
666 1497 772 1558 est
817 1493 1125 1574 deducta,
1169 1498 1288 1556 aut
1334 1489 1435 1555 sui
1480 1489 1746 1555 nomine
1778 1488 2010 1554 amicis
2043 1489 2201 1572 suiS,
2233 1488 2689 1571 praesentium

259 1596 800 1679 exhibitoribuS,
847 1597 931 1661 de
978 1593 1157 1660 dicto
1205 1593 1508 1661 Fridlino
1548 1592 1747 1675 juxta
1793 1592 2162 1675 praemissa
2193 1591 2464 1658 faciatis
2489 1592 2687 1676 justi-

267 1700 440 1765 tiam
479 1700 932 1782 expeditam“.
965 1700 1223 1765 Harum
1255 1698 1467 1781 igitur
1496 1696 1752 1762 virtute
1778 1697 2159 1763 litterarum
2192 1715 2413 1762 coram
2437 1695 2687 1780 judicio

269 1805 557 1884 publice
620 1805 946 1870 lectarum
1004 1803 1150 1884 ipse
1211 1801 1555 1868 Fridlinus
1616 1819 1702 1866 ex
1762 1800 2104 1866 sententia
2164 1799 2523 1868 diffinitiva
2570 1819 2687 1881 pro

265 1907 467 1975 furto
520 1907 948 1989 abjudicatus
996 1913 1066 1972 et
1111 1905 1180 1971 in
1223 1905 1404 1990 ligno
1449 1904 1738 1988 patibuli
1785 1911 1893 1971 est
1940 1922 2322 1986 suspensus.

430 2047 433 2050 ·
501 2011 826 2092 (Require
902 2010 1077 2076 infra
1151 2012 1233 2076 de
1311 2011 1446 2077 ista
1505 2010 1790 2076 materia
1851 2013 1988 2076 sub·
2036 2009 2167 2076 isto
2234 2008 2459 2075 titulo:
2529 2008 2690 2091 Qui

271 2116 858 2198 proscriptus
922 2118 1005 2182 in
1054 2134 1212 2182 uno
1265 2115 1612 2199 judicio,
1674 2133 1835 2181 non
1893 2113 2204 2192 ubique
2267 2120 2687 2192 tamquam

280 2239 437 2302 pro
489 2219 1004 2302 proscripto
1053 2218 1784 2304 condempnatur.)

607 2394 1110 2499 Capitulum
1155 2408 1384 2494 XLII:
1430 2407 1547 2475 De
1595 2407 1792 2473 ludo
1840 2405 2373 2508 taxillorum.

496 2541 648 2604 483.
703 2539 802 2602 De
851 2538 1000 2602 ludo
1049 2538 1454 2604 terminorum.
1519 2539 1651 2605 Pro
1714 2539 1869 2604 ludo
1930 2555 2050 2603 seu
2111 2558 2229 2620 pro
2277 2537 2501 2603 debito
2550 2536 2687 2603 ludi

260 2645 472 2711 'nulla
520 2645 724 2716 alicui
760 2645 1034 2728 justitia
1067 2645 1498 2724 exhibeatur3
1547 2647 1848 2709 attamen
1895 2642 2119 2726 rigore
2149 2640 2322 2724 juris
2357 2641 2687 2725 exigente,

276 2766 434 2813 cum
506 2769 677 2816 unus
746 2748 1167 2816 scabinorum
1235 2750 1346 2816 vel
1411 2750 1766 2830 proborum
1843 2746 1997 2812 ludo
2073 2745 2341 2812 affuerit
2407 2752 2478 2811 et
2540 2764 2689 2812 cum

282 2851 599 2921 lucrante
646 2854 795 2919 dolo
843 2872 915 2919 se
964 2860 1200 2919 contra
1245 2854 1638 2937 perdentem
1684 2851 1984 2918 tenuerit
2029 2851 2141 2917 vel
2180 2849 2686 2932 conspiraverit,

283 2957 459 3024 bene
509 2962 836 3024 consonat
874 2958 1207 3042 justitiae,
1252 2961 1423 3038 quod
1472 2959 1558 3023 ad
1606 2955 2001 3033 solutionem
2043 2953 2365 3036 pecuniae
2398 2953 2686 3034 perdens

279 3061 528 3128 *taliter
596 3061 870 3128 delusae
941 3062 1322 3129 nullatenus
1390 3066 1725 3128 teneatur.
1802 3060 1895 3126 Et
1963 3059 2020 3126 si
2089 3059 2334 3139 hospes
2402 3057 2688 3136 aliquem

281 3164 520 3232 dolose
598 3183 973 3248 proponens
1049 3166 1378 3249 decipere,
1455 3185 1602 3233 eum
1676 3162 2145 3246 hospitaverit,
2234 3181 2379 3230 cum
2462 3167 2688 3228 tamen

289 3266 639 3352 hospitare
699 3271 871 3336 bene
918 3275 988 3335 et
1033 3271 1328 3337 fideliter
1385 3269 1797 3352 promiserit:
1860 3267 2020 3333 talis
2065 3269 2308 3351 hospes
2354 3267 2425 3333 in
2472 3284 2688 3348 poena

288 3373 586 3455 quinque
655 3374 1080 3458 talentorum,
1157 3392 1430 3454 quorum
1497 3372 1717 3452 tertia⁴
1774 3390 1929 3454 pars
1989 3371 2218 3456 judici,
2286 3372 2457 3448 duae
2527 3387 2687 3436 vero

290 3477 603 3544 residuae
657 3477 939 3561 civitati,
995 3478 1258 3545 solvere
1304 3479 1550 3544 debere
1588 3474 2017 3561 Justitialiter
2062 3475 2417 3558 obligatur,
2465 3471 2524 3538 si
2568 3490 2689 3553 per

289 3576 517 3647 ludum
537 3581 842 3663 deceptio
865 3586 1126 3648 tantum
1146 3581 1328 3648 facta
1347 3580 1573 3647 fuerit.
1589 3580 1662 3646 Si
1679 3585 1900 3647 autem
1918 3579 2357 3648 criminaliter
2374 3578 2681 3661 deceptio

289 3680 500 3752 fuerit
559 3691 937 3768 procurata,
996 3690 1158 3751 tunc
1219 3688 1581 3753 secundum
1633 3686 2167 3753 mortificationis
2205 3684 2531 3769 judicium
2577 3688 2687 3751 est

296 3792 803 3868 procedendum.
827 3790 1152 3875 (Require
1176 3788 1352 3856 infra
1373 3790 1572 3858 titulo
1591 3815 1604 3856 :
1640 3791 1741 3875 „D
1758 3808 1795 3867 e
1826 3810 1891 3858 m
1903 3808 1938 3857 o
1952 3810 1988 3855 r
2000 3790 2121 3857 tifi
2133 3809 2169 3857 c
2182 3808 2222 3856 a
2234 3788 2348 3855 tio
2361 3788 2491 3854 nib
2506 3806 2549 3855 u
2563 3787 2686 3874 s“.)

501 3929 650 3995 484.
698 3927 884 3999 Quod
919 3927 1366 3993 commensales
1399 3950 1523 3990 non
1546 3937 1829 4012 possunt
1857 3950 1959 3991 res
1992 3928 2394 3992 dominorum
2424 3949 2687 3989 morum

301 4028 614 4097 deludere.
639 4033 778 4100 Nec
801 4033 1011 4117 pueri,
1036 4051 1160 4100 nec
1182 4032 1414 4099 famuli
1436 4051 1546 4099 res
1570 4037 1841 4114 patrum
1866 4037 1934 4099 et
1960 4031 2387 4115 dominorum,
2411 4049 2689 4112 quorum

295 4148 526 4212 panem
574 4139 945 4221 comedunt,
993 4157 1140 4206 cum
1186 4137 1562 4205 tesseribus
1611 4138 1927 4206 deludere
1991 4142 2287 4219 possunt,
2352 4140 2426 4202 ut
2484 4137 2689 4202 etiam

302 4246 581 4322 apparet
643 4242 715 4308 in
775 4243 1056 4311 Juribus
1119 4241 1597 4328 Originalibus,
1657 4262 1805 4309 cum
1866 4240 2427 4325 praescribitur,
2431 4240 2688 4323 ,Prohi-

300 4340 566 4414 bemus“
627 4351 698 4414 et
743 4346 935 4414 infra
2382 4429 2480 4483 13*
