3275 5009
688 345 862 399 'Brunenses
1323 347 1381 413 231ί

176 552 327 619 servitus
352 551 480 632 acquiri
502 570 569 619 non
591 556 712 634 potest.
737 551 841 617 Nemo
864 551 983 618 alienis
1003 553 1141 620 oedibus
1157 553 1212 620 uel
1228 556 1383 637 praediis

177 656 353 738 acquirere
386 656 585 723 servitutem
608 657 662 724 vel
685 655 901 738 interponere
933 663 1054 738 potest.
1087 658 1123 724 Si
1145 659 1220 739 quis
1242 661 1376 727 aedium

174 768 305 846 portem
329 763 444 828 tradet
465 761 519 827 vel
545 766 674 842 partem
697 758 800 837 fundi,
835 761 1034 828 servitutem
1057 781 1123 828 non
1144 768 1257 850 potest
1272 763 1374 846 impo-

176 884 265 943 nere,
300 865 377 945 quia
400 883 460 948 per
482 871 599 947 partes
634 864 783 932 servitus
816 864 941 948 imponi
971 884 1037 932 non
1069 870 1192 949 potest,
1222 869 1282 934 sed
1313 886 1378 949 nec

175 971 314 1052 acquiri.
338 969 405 1036 Sed
428 969 457 1036 si
480 970 597 1037 divisit
620 969 757 1038 fundum
782 970 885 1036 certis
917 970 1015 1036 metis
1045 970 1132 1036 etsi
1155 976 1284 1053 partem
1307 977 1376 1038 tra·

176 1076 271 1158 didit,
296 1092 356 1158 pro
379 1073 486 1140 diviso
514 1079 627 1157 potest
659 1075 831 1140 alteriutri
861 1073 1031 1156 imponere
1063 1076 1270 1155 servitutem,
1299 1075 1382 1156 quia*

172 1180 242 1262 J'em
266 1198 332 1245 non
357 1184 410 1245 est
433 1198 513 1262 pers
535 1178 641 1262 fundi,
662 1181 724 1245 sed
746 1178 879 1244 fundus.
902 1178 949 1245 Et
972 1179 1033 1245 hoc
1057 1179 1091 1244 in
1107 1179 1247 1246 aedibus
1263 1185 1377 1262 potest

178 1285 254 1368 dici,
278 1284 308 1348 si
331 1301 398 1351 nne
421 1284 536 1348 domus
559 1300 621 1365 per
642 1282 805 1365 parietem
834 1282 869 1348 in
899 1281 1007 1348 medio
1036 1281 1160 1350 fectum
1190 1283 1378 1365 dividetur3

178 1393 297 1472 posteo
320 1387 407 1454 enim
430 1405 490 1469 pro
513 1388 642 1452 duabus
675 1386 826 1454 domibus
858 1385 966 1467 accipi
999 1388 1107 1452 debet.
1139 1386 1174 1452 Si
1209 1387 1248 1467 ei,
1283 1389 1377 1472 cujus

179 1493 351 1575 praedium
374 1491 454 1556 mihi
478 1490 660 1572 serviebat,
693 1491 791 1555 heres
825 1488 950 1570 exstiti,
983 1495 1018 1555 et
1049 1509 1119 1556 eam
1155 1491 1377 1558 hereditatem

178 1597 241 1663 tibi
264 1595 411 1677 vendidi,
439 1595 574 1661 restitui
602 1593 665 1660 tibi
689 1594 722 1658 in
745 1593 923 1676 pristinum
948 1598 1073 1659 statum
1095 1595 1243 1661 servitus
1267 1597 1381 1677 debet,

178 1701 256 1780 quie
280 1701 314 1764 id
336 1697 459 1783 egitur,
484 1703 522 1764 ut
543 1703 581 1764 tu
605 1698 706 1763 heres
728 1699 877 1764 videaris
901 1698 1085 1764 exstitisse.

284 1801 451 1886 Quidquid
484 1801 641 1869 venditor
674 1801 851 1869 servitutis
877 1803 1008 1867 nomine
1031 1802 1096 1868 sibi
1118 1803 1270 1884 recipere
1295 1803 1380 1894 vult,

177 1907 374 1975 nominatim
397 1907 462 1973 sibi
484 1910 637 1988 recipere
661 1910 810 1988 oportet;
839 1924 914 1970 uem
938 1905 996 1971 ille
1019 1905 1187 1988 generalis
1218 1907 1380 1988 receptio,

177 2012 300 2092 quibus
323 2017 359 2078 et
381 2011 529 2079 servitus
566 2012 682 2091 utique
714 2011 758 2076 ud
789 2016 969 2077 extraneos
998 2010 1156 2093 pertinet,
1189 2011 1271 2076 nihil
1303 2012 1380 2093 pro-s

175 2116 247 2184 ficit
270 2115 336 2198 ipsi
360 2116 527 2184 venditori
558 2117 601 2181 ad
620 2117 698 2198 jure
730 2117 980 2197 conservandu3
1010 2115 1099 2181 nulle
1132 2115 1219 2180 enim
1252 2113 1378 2196 habuit,

177 2221 257 2302 quie
280 2239 374 2286 nemo
398 2220 463 2302 ipsi
494 2219 692 2286 servitutem
716 2220 875 2300 deberet,
906 2219 1060 2303 quinimo,
1088 2219 1116 2284 si
1140 2219 1254 2284 debite
1277 2218 1379 2284 fuerit

176 2325 335 2403 servitus,
368 2330 403 2390 et
437 2322 614 2390 dominium
647 2323 768 2389 deinde
791 2324 843 2389 rei
865 2324 1046 2390 servientis
1070 2324 1225 2405 pervenit
1249 2325 1291 2388 ad
1314 2342 1378 2406 me,

178 2429 396 2496 communiter
411 2427 590 2511 diceretur,
607 2427 759 2511 extingui
775 2427 983 2496 servitutem.
999 2426 1129 2493 Exhinc
1145 2427 1274 2511 collige,
1291 2428 1379 2509 quod

178 2533 212 2599 in
236 2532 386 2618 generali
409 2549 562 2598 sermone
585 2551 727 2614 persone
754 2532 921 2612 loquentis
943 2550 1010 2599 non
1033 2536 1086 2597 est
1107 2529 1335 2616 intelligenda.

285 2636 494 2704 Refectionis
533 2636 645 2720 gretie
689 2636 872 2702 accedendi
913 2638 955 2702 ed
998 2654 1038 2702 ea
1071 2635 1155 2718 loce,
1192 2653 1276 2716 quoe
1314 2654 1380 2702 non

181 2741 340 2823 servient,
370 2740 516 2807 facultas
545 2742 674 2808 tribute
703 2748 757 2807 est
787 2741 864 2824 illis,
896 2740 1015 2820 quibus
1045 2740 1193 2809 servitus
1222 2741 1380 2823 debetur;

180 2846 208 2911 si
230 2850 345 2912 tumen
367 2839 426 2912 ille
444 2845 517 2911 loce
534 2845 603 2912 sint
618 2844 776 2928 contigue
792 2845 1020 2927 servientium,
1043 2862 1105 2910 nec
1128 2849 1270 2928 oportet,
1292 2847 1380 2924 quod

182 2954 222 3018 de
245 2951 309 3017 teli
332 2967 471 3016 accessu
494 2948 621 3030 aliquid
644 2949 822 3017 servietur.
1309 2959 1313 2964 ⁴

283 3054 325 3120 It.
349 3053 385 3120 si
416 3072 477 3137 per
510 3058 603 3119 tuum
633 3051 770 3120 fundum
799 3058 854 3138 jus
886 3059 940 3121 est
971 3053 1050 3119 mihi
1081 3071 1199 3133 equam
1233 3072 1275 3119 ex
1306 3053 1379 3121 rivo

179 3161 312 3241 ducere,
344 3157 449 3224 tacite
472 3157 556 3223 hece
586 3156 660 3240 jure
683 3164 887 3237 sequuntur:
919 3163 959 3223 ut
987 3157 1126 3224 relicere
1156 3158 1238 3223 mihi
1270 3159 1378 3224 rivum

181 3264 291 3346 liceat,
316 3270 351 3328 nt
373 3262 467 3328 edire
491 3281 589 3342 quam
613 3262 796 3344 proximum
821 3261 945 3346 possim
977 3264 1020 3328 cd
1051 3262 1265 3329 reficiendum
1296 3280 1381 3346 enm,

182 3385 253 3451 ego,
277 3365 492 3449 operariique
513 3365 587 3449 mei,
621 3372 656 3431 et
687 3371 726 3432 ut
749 3367 895 3449 spatium
918 3366 997 3433 mihi
1029 3366 1198 3447 relinquet
1229 3366 1380 3432 dominus

182 3469 284 3554 fundi,
308 3489 373 3552 quo
395 3489 416 3536 e
440 3475 536 3554 perte
563 3471 684 3536 dextre
707 3474 743 3536 et
766 3470 905 3538 sinistre
935 3472 979 3536 ad
1007 3470 1116 3537 rivum
1146 3472 1311 3547 accedam,
1342 3474 1382 3534 ut

182 3595 245 3658 quo
268 3580 405 3658 terrem,
427 3573 542 3656 lutum,
564 3572 703 3654 lapides,
733 3591 869 3641 arenam
893 3578 928 3640 et
951 3573 1075 3641 calcem
1101 3574 1217 3656 jncere
1246 3572 1379 3656 possim.

284 3687 379 3770 item,
392 3705 464 3754 cum
476 3685 597 3753 fundus
610 3685 710 3753 fundo
723 3686 840 3770 servit,
860 3686 1063 3768 venditoque
1079 3685 1179 3753 fundo
1196 3687 1380 3753 servitutes

182 3801 377 3874 secuudum.
400 3791 565 3857 Aedificia
581 3808 709 3871 quoqne
725 3789 838 3856 fundis
855 3800 891 3856 et
908 3789 1000 3856 iundi
1019 3790 1181 3857 aediliciis
1197 3793 1380 3872 eademque

182 3897 374 3964 conditione
386 3895 550 3962 serviunt.
562 3893 599 3960 Si
611 3899 745 3961 constat
760 3894 796 3960 in
811 3901 867 3962 ino
883 3914 965 3978 egro
981 3893 1162 3977 lapidicina
1178 3913 1262 3977 esse,
1273 3894 1388 3989 inrito

124 4001 127 4006 “
181 4005 226 4084 te,
249 4019 313 4068 nec
333 4001 469 4082 privato
492 4017 554 4067 nec
577 3999 708 4080 publico
731 3999 865 4066 nomine
889 3999 1060 4079 quisquam
1082 3998 1213 4080 lapides
1238 3986 1382 4064 caedere

182 4110 305 4188 potest,
335 4103 389 4171 cui
412 4103 446 4169 id
468 4101 615 4169 faciendi
633 4104 688 4186 jus
713 4122 777 4170 non
805 4107 877 4185 est;
906 4103 971 4169 nisi
997 4102 1077 4169 telis
1110 4105 1316 4169 consuetudo
1345 4103 1381 4169 in

181 4209 248 4276 illis
272 4208 464 4290 lapidicinis
488 4207 661 4276 consistet.
698 4207 824 4292 Quodsi
855 4208 929 4289 quis
960 4226 1001 4273 ex
1032 4207 1081 4273 eis
1113 4207 1198 4274 velit
1229 4209 1381 4291 caedere,

185 4332 249 4380 non
282 4311 369 4380 alter
400 4313 464 4380 hoc
497 4311 611 4397 iaciat,
647 4312 713 4379 nisi
747 4313 839 4393 prins
873 4314 1007 4389 solitum
1042 4311 1198 4379 salarium
1228 4331 1288 4394 pro
1318 4311 1382 4409 hoc
