3275 5009
541 352 650 404 174
1575 351 1908 407 Sententiae

755 559 901 623 412.
923 558 1145 623 Jndeae
1168 559 1542 644 quandoque
1565 562 1799 644 privat
1828 583 1895 624 se
1919 561 2218 626 emendis,
2252 559 2571 626 Dominus
2600 560 2934 644 cujusdam

545 662 749 731 villae
796 663 1246 745 personaliter
1268 665 1519 749 Judicio
1553 665 1943 748 praesidens
1978 664 2237 733 cuidam
2271 664 2518 731 homini
2550 682 2666 740 suo
2700 681 2931 744 queru-

532 768 716 835 lanti
747 769 1052 853 subiecit,
1081 771 1254 850 quod
1288 770 1644 851 querelam,
1677 788 1874 851 quam
1904 770 2074 836 alias
2109 774 2303 837 extra
2318 767 2635 850 judicium
2670 770 2758 834 ad
2790 785 2929 834 eum

542 873 911 954 retulisset,
928 893 1149 940 coram
1163 873 1416 956 judicio
1441 875 1786 959 mitigaret
1805 879 1875 940 et
1889 876 2259 954 mutuaret3
2277 872 2456 939 dicto
2477 890 2638 940 vero
2658 872 2932 954 homine,

533 975 985 1057 objectionem
1010 978 1253 1044 domini
1285 985 1595 1063 negante,
1627 979 1928 1045 dominus
1958 997 2107 1045 eam
2137 977 2495 1059 resumpsit
2526 979 2716 1042 modo
2750 995 2930 1058 prae-

542 1080 763 1146 misso.
797 1083 1204 1149 Secundario
1239 1101 1398 1150 vero
1439 1084 1705 1149 homine
1749 1083 2173 1167 negationem
2218 1081 2591 1163 replicante
2638 1082 2931 1147 dominns

543 1183 674 1250 sibi
704 1187 905 1253 dixit:
956 1186 1308 1270 „Mentiris
1356 1187 1533 1254 sicut
1563 1189 1877 1270 antiquus
1909 1186 2084 1253 filius
2126 1185 2559 1262 meretricis“,
2608 1203 2931 1264 quaerens

532 1305 691 1354 cum
721 1291 848 1356 hoc
879 1309 920 1358 a
942 1293 1189 1375 juratis
1222 1292 1562 1358 sententia
1595 1292 1761 1374 dari,
1793 1292 2086 1371 qualiter
2118 1290 2340 1358 dictus
2372 1291 2561 1356 homo
2595 1289 2931 1356 emendari

540 1397 807 1477 debeat,
837 1397 1012 1474 quod
1058 1395 1204 1478 ipse
1251 1395 1580 1462 dominum
1627 1414 1814 1461 suum
1864 1412 2151 1481 arguere
2196 1412 2276 1460 ac
2319 1395 2464 1478 eJus
2495 1396 2705 1471 verba
2741 1411 2927 1474 prae-

543 1501 910 1581 sumpserit
953 1499 1367 1567 reclamare?
1422 1499 1694 1582 Super
1756 1519 1913 1580 quo
1976 1498 2443 1566 diffinitum
2489 1496 2693 1564 fuit:
2744 1497 2929 1582 Quod

530 1620 694 1668 cum
737 1601 997 1669 licitum
1041 1603 1133 1671 sit
1177 1602 1486 1686 partibus
1538 1607 1749 1671 verba
1800 1603 2045 1688 judicis
2107 1601 2537 1684 disciplinate
2598 1600 2927 1668 affirmare

545 1706 658 1775 vel
726 1724 998 1791 negare,
1056 1706 1358 1773 dominus
1421 1726 1543 1790 per
1601 1712 1811 1776 verba
1871 1708 2244 1791 inhonesta,
2306 1707 2545 1786 quibus
2606 1706 2930 1771 hominem

540 1830 732 1880 suum
779 1810 1021 1893 arguit,
1068 1812 1380 1894 emendiS,
1428 1813 1587 1878 dato
1632 1811 1851 1894 etiam,
1897 1815 2072 1892 quod
2133 1813 2215 1876 de
2271 1810 2423 1892 jure
2486 1810 2615 1876 sibi
2670 1827 2924 1890 compe-

526 1921 786 2000 terent,
832 1935 903 1983 se
949 1916 1279 2000 privavit3
1338 1918 1548 2001 judex
1613 1917 1804 1999 enim,
1868 1919 2046 1983 sicut
2110 1922 2182 1982 et
2246 1922 2493 1999 parteS,
2565 1914 2663 1980 sic
2724 1919 2796 1980 et
2859 1931 2929 1978 se

527 2020 755 2105 'ipsum
799 2027 1074 2089 tenetur
1120 2021 1587 2105 principaliter
1628 2021 2053 2108 magistrare.

747 2178 895 2245 413.
938 2175 1161 2241 Judex
1190 2179 1566 2262 quandoque
1592 2187 1808 2262 potest
1837 2176 2142 2261 partibus
2172 2176 2515 2241 terminum
2537 2193 2920 2258 proroqare.

528 2282 613 2350 -Si
659 2281 729 2348 in
775 2281 999 2348 causis
1046 2282 1500 2366 criminalibus
1558 2287 1788 2364 partes
1849 2281 2025 2349 infra
2070 2281 2421 2347 terminum
2470 2277 2935 2359 concordandi,

532 2404 742 2468 quem
787 2405 830 2452 a
867 2386 1101 2470 Judice
1151 2392 1580 2472 rogaverant,
1623 2405 1758 2454 non
1802 2388 2243 2454 concordant:
2286 2403 2418 2452 non
2448 2388 2733 2467 oportet,
2764 2383 2937 2464 quod

519 2491 740 2576 judex
785 2494 1120 2574 expectet,
1165 2508 1378 2572 usque
1438 2495 1629 2557 actor
1692 2509 1879 2558 reum
1944 2490 2127 2568 citet,
2191 2489 2318 2555 imo
2386 2490 2613 2570 potest
2677 2506 2796 2570 per
2858 2505 2933 2554 se

541 2593 850 2675 partibus
895 2592 1253 2660 terminum
1300 2594 1691 2678 praefigere.
1736 2595 1923 2661 Idem
1966 2600 2191 2661 tamen
2237 2594 2584 2675 terminuS,
2628 2590 2687 2658 si
2733 2610 2933 2658 causa

531 2697 637 2764 sit
681 2699 912 2781 ardua,
958 2698 1238 2765 habebit
1282 2698 1428 2765 dies
1473 2698 1660 2783 XIV,
1704 2699 1774 2764 in
1823 2698 2062 2780 quibus
2110 2701 2340 2780 partes
2399 2697 2648 2764 amicos
2711 2713 2931 2762 eorum

541 2801 804 2884 possint
845 2801 1188 2884 inquirere
1233 2808 1305 2869 et
1350 2801 1479 2872 sibi
1525 2805 1606 2871 de
1655 2803 2007 2872 advocatis
2052 2801 2427 2885 providere.

741 2957 889 3023 414.
910 2957 1132 3022 Judea:
1154 2955 1530 3042 quandoque
1561 2957 1751 3021 habet
1781 2968 2043 3042 recepta
2074 2960 2415 3022 restituere
2446 2957 2545 3020 vel
2570 2955 2922 3042 defalcare.

526 3061 609 3128 -Si
646 3063 853 3146 judex
897 3061 966 3127 in
1011 3063 1198 3129 domo
1248 3063 1616 3129 homicidae
1663 3063 1885 3141 fuerit,
1938 3068 2005 3131 et
2037 3063 2297 3145 aliquas
2329 3082 2439 3130 res
2469 3062 2751 3144 accepit,
2782 3061 2930 3127 illas

533 3171 790 3256 postea,
836 3164 1018 3232 facta
1065 3166 1544 3248 compositione
1590 3168 1949 3251 homicidii,
2004 3169 2206 3250 juxta
2251 3169 2545 3235 valorem
2590 3185 2820 3233 earum
2862 3165 2929 3232 in

524 3271 832 3337 emendis
877 3270 1008 3339 sibi
1055 3271 1392 3342 solvendis
1440 3272 1831 3340 defalcabit.

739 3426 890 3492 415.
935 3426 1037 3490 De
1067 3429 1452 3512 juratorum
1497 3430 1829 3491 notatione
1868 3449 1997 3512 pro
2042 3427 2333 3494 consilia
2380 3426 2568 3495 Siout
2609 3428 2927 3514 judex‘et

517 3530 737 3616 jurati
802 3530 982 3598 ferre
1048 3549 1182 3598 non
1249 3534 1574 3601 deberent
1643 3532 1936 3618 indigne,
1983 3533 2042 3600 si
2096 3536 2182 3599 ab
2243 3531 2339 3600 eis
2386 3533 2473 3599 ad
2519 3530 2926 3598 audientiam

532 3635 847 3720 maiorem
885 3637 1297 3719 appellatur:
1340 3636 1438 3704 sic
1484 3655 1609 3704 nec
1655 3639 1743 3702 ad
1787 3637 2259 3706 verecundiam
2290 3636 2420 3703 sibi
2462 3635 2820 3717 ascribere,
2866 3634 2926 3699 si

535 3757 654 3822 pro
678 3740 1060 3823 suspicione
1085 3740 1392 3823 partibus
1418 3741 1720 3808 tollenda
1745 3760 1785 3807 a
1813 3760 2161 3808 causarum
2196 3740 2567 3821 aliquarum
2596 3740 2925 3806 tractibus

524 3849 606 3910 et
643 3843 915 3928 judiciis
957 3862 1079 3926 per
1117 3847 1273 3912 suos
1312 3848 1578 3931 juratos
1625 3844 2123 3913 rationabiliter
2169 3848 2597 3926 amoventur;
2644 3847 2924 3926 possunt

522 3948 708 4016 enim
754 3949 972 4013 causis
1020 3949 1271 4015 eisdem
1308 3948 1727 4033 judicialiter
1773 3949 2167 4032 tractandiS,
2213 3947 2687 4016 ammonitione
2734 3965 2923 4031 prae-

525 4050 719 4117 dicta
744 4068 876 4116 non
899 4053 1232 4134 obstante,
1259 4056 1453 4119 extra
1483 4055 1681 4120 sedes
1713 4053 2089 4121 tribunales
2120 4052 2300 4120 sicut
2331 4051 2545 4120 ceteri
2573 4053 2922 4120 interesse.

743 4207 890 4269 416.
960 4207 1060 4270 De
1088 4207 1317 4291 judice
1362 4218 1672 4291 quantum
1726 4212 1815 4273 eit
1875 4211 1963 4274 ad
2021 4210 2641 4296 impiqnerationem.
2700 4211 2920 4277 Judex

524 4309 732 4395 illum,
778 4310 890 4393 qui
934 4311 1003 4377 in
1048 4311 1340 4380 emendis
1385 4312 1724 4398 obligatus
1770 4314 1900 4382 sibi
1944 4313 2170 4400 fuerit,
2209 4315 2661 4400 impignorare
2695 4318 2917 4399 potest
