3275 5009
303 375 354 430 106
823 371 988 429 Sententiae

302 581 455 650 dominus
470 582 512 648 de
528 581 624 649 bonis
640 580 818 663 universis,
834 571 1010 649 mobilibus
1028 586 1064 649 et
1079 579 1310 664 immobilibus,
1325 580 1405 646 licet
1417 597 1491 646 uxor

303 691 338 752 et
349 686 493 754 heredes
505 685 820 770 reclament,facers
833 685 960 768 poterit
967 687 1066 771 Juxta
1079 703 1160 753 suae
1170 684 1302 753 libitum
1311 684 1491 752 voluntatis.

405 825 480 892 186.
493 822 692 888 Detulitium
703 843 768 886 coa
778 831 892 903 conoul,
904 825 936 886 si
945 823 1062 888 molier
1068 825 1168 910 parit
1174 844 1320 910 puerum
1330 831 1490 890 mortuum.

302 928 444 1014 Quidam
474 945 611 996 uxorem
645 929 772 995 ducens
804 928 936 996 nomine
970 928 1057 996 dotis
1092 928 1306 1012 eiprcmisit
1338 927 1372 996 X
1402 946 1492 996 marc.

301 1033 512 1118 fidejussoria
535 1033 692 1100 cautione
726 1033 938 1115 interposita
972 1033 1070 1102 Anno
1099 1051 1181 1100 vero
1215 1037 1401 1117 transacto,
1428 1051 1493 1100 com

268 1183 272 1189 -
301 1139 355 1207 vir
371 1141 557 1206 moreretur
576 1141 612 1205 et
627 1156 712 1205 uxor
725 1155 865 1218 puerum
881 1144 1044 1206 mortuum
1060 1137 1257 1222 peperisset,
1273 1136 1493 1218 quaestionem
1584 1211 1585 1234 ,

301 1241 556 1326 fidejussoribus
578 1241 683 1308 movit
706 1242 748 1307 de
771 1242 849 1308 dote
873 1241 1046 1326 promisse,
1068 1259 1242 1325 quaerens,
1265 1245 1377 1307 utrum
1395 1241 1493 1326 ipsam
1584 1241 1585 1290 ἒ

301 1365 369 1416 non
380 1345 742 1430 deberetjustitialiter
751 1345 929 1413 obtinere?
941 1345 1176 1430 Fidejnsscres
1189 1349 1303 1414 antem
1309 1346 1493 1432 allegabant
1584 1357 1585 1414 i

301 1451 337 1519 in
360 1450 576 1533 contrarium,
599 1468 674 1516 cum
696 1449 771 1532 ipsa
793 1435 1039 1532 protestatione
1069 1453 1110 1517 de
1141 1452 1219 1516 dcte
1253 1451 1414 1520 solvenda
1434 1467 1493 1518 nou
1584 1439 1585 1484 ³

301 1554 394 1622 facta
416 1572 479 1638 per
501 1572 624 1622 annum
638 1553 787 1621 tacuerit
803 1559 840 1620 et
854 1555 1010 1622 heredem
1027 1557 1068 1622 de
1085 1555 1210 1624 semine
1226 1555 1293 1624 viri
1309 1553 1492 1637 conceperit

302 1665 339 1726 et
360 1659 526 1745 genuerit,
547 1664 660 1726 utrum
681 1659 742 1725 dns
766 1677 832 1728 non
856 1659 902 1724 sit
925 1659 1101 1727 extincte?
1125 1660 1362 1742 Superque
1386 1657 1493 1725 difli-

301 1763 435 1830 nitnm
465 1761 557 1829 luit
586 1782 646 1846 pro
670 1763 819 1848 muliere,
849 1782 922 1830 cum
955 1765 1091 1848 „homo“
1122 1764 1257 1831 dicatur
1285 1764 1326 1830 de
1356 1764 1432 1832 vivo
1463 1765 1493 1828 et
1580 1807 1584 1838 ,

300 1872 439 1951 mortuo,
462 1867 653 1951 aequivoce,
676 1870 762 1948 quod
796 1887 882 1950 puer
912 1873 1062 1936 mortuus
1093 1886 1159 1936 non
1191 1874 1245 1936 est
1266 1869 1379 1936 homo:
1402 1869 1492 1943 unde,

1575 1527 1585 1804 l

1579 1848 1584 1965 l

300 1974 331 2040 si
350 1972 469 2041 mulier
491 1971 582 2054 parit
596 1989 736 2055 puerum
750 1972 874 2056 vivum,
889 1975 969 2040 dato
991 1973 1103 2056 etiam,
1127 1974 1215 2052 quod
1238 1976 1493 2053 quantocumque
1583 2032 1584 2058 ,

301 2077 399 2144 brevi
422 2081 571 2160 tempore
594 2076 690 2144 vivat
712 2081 790 2159 post
812 2082 955 2161 partum,
978 2081 1059 2144 tnnc
1082 2082 1194 2145 cessat
1217 2076 1414 2144 dotalitium.

405 2181 454 2246 Et
476 2181 531 2246 hic
548 2181 677 2265 collige,
692 2183 781 2261 quod
797 2201 864 2250 non
881 2188 935 2248 est
950 2182 1176 2249 necessarium
1191 2183 1233 2248 de
1249 2183 1327 2248 dote
1342 2182 1494 2250 solvenda

302 2285 595 2366 protestationem,
612 2303 699 2366 quae
715 2286 903 2368 vulgariter
921 2287 1111 2370 ,vrchund“
1131 2285 1263 2372 dicitur,
1278 2287 1493 2369 interponere,

303 2405 378 2455 cum
401 2405 534 2471 semper
557 2391 617 2454 dos
640 2388 746 2472 vivat,
768 2389 926 2469 quamdiu
949 2391 1091 2458 heredes
1119 2391 1190 2457 vivi
1217 2408 1283 2458 non
1313 2395 1391 2457 sunt
1419 2389 1493 2456 nati

303 2492 354 2557 De
378 2491 545 2559 solutione
567 2496 679 2558 autem
703 2494 791 2559 dotis
814 2493 916 2577 facta,
940 2501 977 2560 ut
995 2495 1159 2561 tollantur
1175 2494 1254 2561 lites
1268 2494 1409 2579 futurae,
1427 2511 1494 2575 pro·

303 2595 522 2662 testationem
544 2602 598 2661 est
619 2596 736 2665 iacere
758 2599 954 2664 consultum.

406 2736 481 2800 187.
496 2734 620 2799 Mulier
649 2739 838 2822 quandoque
864 2735 1017 2802 dotalitio
1033 2739 1172 2822 privari
1179 2747 1296 2822 potest,
1316 2738 1493 2822 quaudoque

302 2860 376 2906 coo.
401 2839 501 2907 Licet
523 2839 578 2907 vir
600 2840 771 2926 debonis,
794 2860 933 2923 qnorum
956 2845 1009 2909 est
1032 2842 1192 2927 dominus,
1208 2843 1364 2909 ordinare
1378 2841 1494 2936 valeat,

304 2942 392 3010 sicut
415 2944 545 3026 placet:
567 2949 680 3011 tamen
711 2947 741 3013 si
773 2946 869 3013 uxori
900 2947 1089 3014 dotalitium
1117 2945 1278 3031 promisit,
1301 2967 1374 3014 cum
1397 2953 1464 3012 test
1484 2979 1493 2993 ·

303 3055 451 3114 mentum
484 3048 578 3133 facit,
612 3049 643 3116 si
675 3069 799 3132 pueros
834 3070 876 3118 ex
910 3070 950 3117 ea
985 3069 1051 3118 non
1085 3052 1270 3136 generavit,
1300 3052 1408 3134 ipsam
1440 3047 1494 3116 tali
1580 3068 1586 3119 .’

303 3152 459 3218 dotalitio
482 3155 618 3236 privare
641 3173 707 3220 non
730 3159 852 3236 potest.
876 3155 969 3224 Uxor
991 3161 1113 3239 antem,
1136 3157 1165 3221 si
1187 3157 1286 3224 fidem
1301 3152 1495 3224 matrimonii

303 3256 524 3322 adulterando
548 3256 699 3341 violavit,
733 3258 788 3325 vel
823 3258 852 3323 si
886 3260 921 3325 in
955 3265 1095 3326 mortem
1126 3260 1239 3328 mariti
1273 3279 1346 3328 cum
1381 3261 1494 3328 effectu

301 3360 497 3426 machinata
520 3365 582 3435 est,
613 3362 669 3428 vel
691 3362 782 3428 aliud
806 3364 917 3430 scelus
940 3365 1023 3430 adeo
1047 3382 1151 3447 greve
1174 3365 1348 3451 commisit,
1369 3366 1493 3448 ipsese

302 3464 417 3547 ipsam
434 3465 588 3531 dotalitio
612 3470 795 3534 secundum
813 3467 981 3553 justitiam
1004 3469 1172 3552 spoliavit.

407 3603 482 3670 188.
505 3602 569 3666 Per
593 3605 771 3668 divortium
792 3604 911 3670 mulier
945 3608 1132 3692 quandoque
1165 3605 1316 3672 dotalitio
1347 3629 1409 3671 ocu
1427 3606 1492 3691 pri-

303 3715 410 3772 vatur.
435 3705 471 3774 Si
493 3706 635 3775 maritus
651 3712 686 3774 et
702 3727 786 3777 uxor
799 3709 950 3795 legitime
967 3711 1135 3797 conjuncti
1150 3715 1270 3795 postea
1293 3731 1354 3794 per
1375 3712 1492 3794 aliquot

303 3828 408 3877 annos
421 3812 583 3879 canonice
594 3812 791 3880 abinvicem
808 3820 1018 3898 separantur,
1041 3817 1091 3882 ita
1105 3819 1227 3900 minen,
1242 3819 1331 3897 quod
1346 3815 1491 3898 quandiu

302 3915 399 3982 simul
436 3916 595 4001 vixerint,
638 3917 881 4002 ignoraverunt
918 3920 1090 4002 illegitime
1128 3939 1165 3988 se
1204 3921 1300 3988 simul
1333 3920 1491 3989 habitare:

303 4037 345 4085 ex
373 4018 436 4085 tali
459 4022 673 4101 separatione
695 4040 780 4088 uxor
803 4022 966 4106 dotalitio,
989 4027 1077 4105 quod
1106 4025 1246 4092 meritus
1268 4025 1303 4091 in
1326 4027 1491 4092 contractu

302 4122 505 4190 matrimonii
528 4124 593 4190 sibi
616 4124 778 4208 promisit,
800 4145 866 4192 non
883 4131 936 4192 est
950 4128 1124 4212 privanda,
1150 4129 1216 4195 imo
1229 4129 1295 4196 sibi
1310 4130 1385 4196 deri
1401 4128 1490 4194 debet

297 4226 423 4310 judicio
447 4227 660 4311 suffragante,
682 4230 949 4296 contradictione
976 4233 1090 4298 mariti
1106 4234 1162 4301 vel
1176 4233 1335 4300 heredum
1351 4233 1490 4315 qualibet

302 4348 368 4396 non
398 4332 565 4397 obstante.
