3275 5009
799 379 963 437 Sententiae

311 617 315 624 ‚
386 584 558 652 Secundus
592 605 690 652 casus
725 587 803 652 talis
835 592 903 654 est-2
939 583 1079 668 Quidam
1112 589 1153 652 de
1187 586 1312 651 nostris
1347 585 1478 650 cuidam

277 691 399 773 judaeo
423 693 492 756 duo
503 691 667 774 obligavit
683 693 837 774 pignora3
855 709 1027 770 quaecum
1046 696 1161 770 postea
1178 690 1344 756 redimere
1362 689 1479 771 vellet,

280 794 483 859 nominatam
506 813 579 860 cum
602 795 673 877 ipso
697 797 739 860 de
762 813 866 860 usura
888 794 968 860 fecit
993 795 1165 875 rationem,
1188 814 1286 874 qnam
1310 813 1377 858 nna
1404 812 1478 858 cum

280 902 372 962 sorte
392 899 515 979 Judaeo
539 900 730 982 expediens,
754 919 825 964 cum
845 901 989 982 judaeus
1006 898 1180 980 pecuniam
1195 900 1231 964 in
1247 899 1355 963 sinum
1381 915 1479 962 snum

280 1003 467 1085 recepisset
490 1008 525 1068 et
549 1003 750 1070 christianus
774 1005 915 1086 pignora
939 1004 1003 1069 sibi
1019 1003 1200 1070 restituere
1218 1008 1359 1083 peteret,
1376 1020 1479 1071 unum

281 1107 400 1190 pignus
424 1107 529 1174 eidem
555 1107 684 1189 obtulit,
708 1107 832 1189 dicens,
852 1109 938 1186 qnod
968 1110 1146 1173 secundum
1173 1108 1291 1190 pignos
1315 1114 1480 1186 tempore,

279 1230 343 1291 quo
360 1211 564 1277 auctoritate
580 1211 797 1292 imperatoria
813 1218 933 1292 captus
956 1210 1067 1292 suerit,
1093 1210 1304 1292 perdidisset.
1328 1207 1476 1292 Quaerit

280 1333 359 1397 ergo
373 1315 586 1398 christianus,
598 1336 670 1382 cum
682 1316 825 1397 judaeus
842 1310 1087 1382 totam'sortem
1106 1322 1141 1382 et
1157 1335 1289 1381 usuram
1305 1314 1480 1394 receperit

278 1425 313 1484 et
337 1437 399 1484 nec
423 1426 511 1502 ante,
536 1438 596 1500 nec
622 1427 705 1501 post,
728 1437 789 1484 nec
813 1420 869 1483 illo
892 1431 1050 1502 tempore,
1074 1438 1138 1498 quo
1162 1438 1222 1501 pro
1245 1437 1346 1484 usura
1362 1437 1479 1484 secum

278 1524 478 1605 pectaverit,
510 1527 550 1588 de
581 1524 730 1606 pignoris
763 1522 940 1591 amissione
972 1524 1169 1588 mentionem
1201 1523 1331 1604 fecerit,
1362 1528 1478 1587 utrum

278 1627 399 1710 pignus
423 1647 518 1693 suum
542 1630 682 1708 perdere
706 1630 830 1693 debeat
852 1627 924 1706 ipso
943 1626 1045 1707 jnre‘?

383 1751 490 1829 Super
505 1767 641 1828 quorum
658 1749 761 1830 primo
785 1754 1105 1812 sententiatum
1120 1747 1200 1812 fuit:
1224 1749 1277 1812 Ex
1292 1766 1356 1826 quo
1376 1751 1479 1827 pacta

277 1871 337 1935 per
361 1855 613 1918 conventionem
637 1855 742 1936 legem
768 1853 939 1934 accipiunt
961 1858 996 1917 et
1020 1854 1124 1933 primo
1147 1854 1236 1919 inter
1252 1851 1478 1919 christianum

252 1966 312 2023 xet
339 1960 496 2041 judaeum
527 1957 617 2022 nulla
647 1958 817 2023 nominata
848 1957 939 2023 facta
967 1963 1018 2022 est
1050 1957 1174 2041 mentio
1206 1960 1247 2022 de
1277 1975 1381 2022 usura
1414 1973 1478 2020 nec

276 2067 395 2142 postea
418 2063 530 2127 debito
555 2065 667 2126 stante
691 2063 780 2126 inter
799 2061 955 2142 judaeum
972 2069 1007 2126 et
1023 2062 1241 2128 christianum.
1257 2062 1370 2140 aliqua
1387 2060 1478 2124 ratio

275 2172 329 2232 est
352 2169 476 2248 habita,
499 2166 629 2231 ratione
653 2168 746 2248 cujus
772 2183 874 2230 usura
898 2175 976 2230 tunc
1007 2185 1144 2232 accessa
1173 2166 1272 2231 aliam
1304 2182 1408 2246 super
1441 2181 1477 2228 se

276 2271 462 2352 recepisset
485 2289 626 2346 usuram,
650 2269 784 2351 sufficit,
807 2273 894 2350 quod
928 2278 1058 2335 tantum
1092 2271 1281 2335 accreverit
1303 2270 1337 2334 in
1360 2287 1476 2350 usura,

274 2379 433 2454 qnantum
471 2374 534 2439 fuit
573 2377 614 2440 de
652 2376 763 2440 debito
802 2374 986 2456 principaii.
1024 2375 1070 2439 Et
1108 2381 1162 2439 est
1198 2376 1266 2438 ista
1301 2373 1476 2438 sententia

274 2497 340 2542 non
372 2497 467 2560 nove,
499 2479 557 2543 sed
591 2481 632 2542 ab
668 2479 804 2558 antiquo
840 2480 974 2543 usitata.
1009 2479 1055 2543 Et
1086 2478 1243 2557 quicquid
1271 2478 1407 2561 judaeis
1440 2477 1475 2541 in

274 2595 449 2647 usurarum
473 2581 632 2664 voragine
656 2582 839 2662 parisium
863 2585 992 2647 modum
1016 2581 1136 2664 deficit,
1160 2583 1222 2646 hoc
1246 2601 1288 2648 ex
1311 2600 1358 2663 eo,
1384 2582 1473 2660 qnod

274 2687 308 2751 in
339 2688 504 2767 pectendo
536 2685 705 2750 debitores
736 2705 801 2751 non
831 2689 991 2751 monendo
1025 2705 1087 2751 neo
1120 2686 1282 2751 rationem
1314 2704 1390 2750 cum
1424 2685 1472 2750 eis

272 2791 432 2865 habendo,
454 2790 579 2854 defides
604 2797 680 2854 sunt
703 2796 738 2854 et
760 2791 900 2871 remissi,
923 2790 1077 2871 propriae
1097 2793 1220 2856 debent
1236 2790 1467 2872 negligentiae

271 2895 445 2978 imputare.
1255 2972 1266 2984 υ

372 2999 418 3062 Et
442 3005 530 3077 nota,
564 3001 649 3077 quod
680 2999 852 3077 redempto
884 3000 1021 3082 pignore
1045 3001 1205 3082 ajudaeo
1229 3001 1418 3078 promite,
1443 2995 1470 3059 si

268 3119 386 3166 usuras
411 3103 526 3166 statim
551 3101 713 3187 (debitor)
739 3121 804 3166 non
829 3104 975 3183 solverit,
999 3105 1091 3183 ipsas
1114 3102 1202 3168 inira
1226 3120 1374 3166 mensem
1397 3100 1470 3165 sine

268 3206 335 3269 alia
359 3223 459 3269 usura
484 3204 652 3289 (judaeus)
678 3207 828 3286 recipere
855 3224 920 3270 non
943 3212 1102 3271 tenetur·
1120 3207 1166 3270 Et
1198 3206 1352 3272 similiter
1375 3204 1469 3269 faeta

267 3310 400 3372 ratione
423 3309 512 3374 inter
535 3309 753 3376 christianum
778 3317 812 3374 et
832 3311 998 3392 judaeum,
1015 3310 1044 3374 si
1057 3311 1199 3393 judaeus
1215 3308 1303 3374 infra
1320 3326 1469 3373 mensem

270 3419 414 3493 pagatus
439 3431 503 3476 uon
526 3411 637 3492 fuerit,
664 3432 765 3495 super
790 3415 926 3494 primam
950 3433 1084 3479 usuram
1108 3420 1237 3479 crescet
1263 3413 1330 3478 alia
1353 3431 1467 3478 usura.

269 3515 315 3579 Et
338 3519 497 3596 probatur
522 3534 562 3580 ex
586 3514 766 3598 Privilegio
786 3519 990 3599 judaeorum,
1011 3518 1065 3582 ubi
1084 3518 1244 3582 scribitur
1259 3521 1323 3582 sic:
1350 3517 1467 3597 „Item

269 3619 297 3682 si
321 3638 340 3682 a
359 3620 482 3700 judaeo
499 3619 702 3683 christianus
720 3613 839 3701 pignus
856 3639 949 3685 sunm
965 3622 1158 3695 absolverit,
1174 3623 1223 3686 ita
1240 3624 1326 3699 quod
1344 3638 1465 3685 usuras

269 3740 333 3786 non
351 3722 558 3800 persolverit,
574 3725 705 3787 easdem
723 3704 841 3789 usura’s
860 3727 886 3788 si
903 3725 989 3789 infra
1002 3743 1146 3790 anensem
1158 3744 1223 3790 non
1240 3726 1381 3806 dederit,
1398 3724 1465 3789 illis

268 3826 379 3888 usuris
396 3832 592 3891 accrescant
610 3830 762 3891 usur·ae“.
788 3829 969 3908 Deripiunt
986 3848 1064 3910 ergo
1082 3829 1284 3894 christianos
1296 3828 1413 3909 jndaei
1431 3829 1462 3892 in

268 3928 339 4006 hoo,
363 3932 447 4006 quod
465 3931 646 4006 redemptis
663 3929 857 4012 pignoribus
875 3934 928 3996 vei
945 3933 1068 3997 habitis
1085 3951 1158 3997 cum
1174 3917 1258 4014 ipsis
1273 3933 1461 3998 rationibus

268 4050 326 4111 pro
351 4032 482 4115 debitis,
514 4033 628 4096 statim
652 4052 710 4113 per
734 4038 805 4100 dies
829 4037 910 4100 XIV
943 4055 1041 4116 super
1068 4038 1191 4117 primas
1223 4055 1342 4102 usuras
1376 4037 1459 4100 alias

267 4140 460 4213 computant
484 4155 613 4200 usuras.

371 4238 477 4318 Super
494 4243 637 4305 secundo
655 4258 732 4305 vero
752 4242 923 4307 diffinitum
942 4243 1005 4308 fuit
1020 4264 1079 4325 pro
1097 4245 1297 4323 christian03
1314 4246 1457 4327 judaeus

267 4341 351 4406 enim
375 4343 582 4408 amissionem
607 4345 754 4427 pignoris
788 4347 958 4426 publicare
989 4349 1104 4414 debuit
1135 4349 1259 4431 statim,
1294 4354 1333 4412 ut
1356 4349 1397 4411 de
1420 4365 1457 4411 ea
