<?xml version="1.0" encoding="UTF-8"?>
<!DOCTYPE html PUBLIC "-//W3C//DTD XHTML 1.0 Transitional//EN"
    "http://www.w3.org/TR/xhtml1/DTD/xhtml1-transitional.dtd">
<html xmlns="http://www.w3.org/1999/xhtml" xml:lang="en" lang="en">
 <head>
  <title>
</title>
<meta http-equiv="Content-Type" content="text/html;charset=utf-8" />
  <meta name='ocr-system' content='tesseract 3.04.00' />
  <meta name='ocr-capabilities' content='ocr_page ocr_carea ocr_par ocr_line ocrx_word'/>
</head>
<body>
  <div class='ocr_page' id='page_1' title='image "./codexjurisbohem00unkngoog_0083.png"; bbox 0 0 3275 5009; ppageno 0'>
   <div class='ocr_carea' id='block_1_1' title="bbox 718 323 1400 385">
    <p class='ocr_par' dir='ltr' id='par_1_1' title="bbox 718 323 1400 385">
     <span class='ocr_line' id='line_1_1' title="bbox 718 323 1400 385; baseline 0.01 -9"><span class='ocrx_word' id='word_1_1' title='bbox 718 323 886 380; x_wconf 89' lang='lat' dir='ltr'><strong>Bruuenses.</strong></span> <span class='ocrx_word' id='word_1_2' title='bbox 1123 370 1126 375; x_wconf 92' lang='lat'><em>.</em></span> <span class='ocrx_word' id='word_1_3' title='bbox 1367 334 1400 385; x_wconf 84' lang='grc'><strong>67</strong></span> 
     </span>
    </p>
   </div>
   <div class='ocr_carea' id='block_1_2' title="bbox 197 530 1400 723">
    <p class='ocr_par' dir='ltr' id='par_1_2' title="bbox 197 530 1400 723">
     <span class='ocr_line' id='line_1_2' title="bbox 197 530 1400 620; baseline 0.011 -25"><span class='ocrx_word' id='word_1_4' title='bbox 197 532 244 596; x_wconf 92' lang='lat' dir='ltr'><strong>ab</strong></span> <span class='ocrx_word' id='word_1_5' title='bbox 257 530 422 597; x_wconf 90' lang='lat' dir='ltr'><strong>instantia</strong></span> <span class='ocrx_word' id='word_1_6' title='bbox 430 530 555 613; x_wconf 90' lang='lat' dir='ltr'><strong>judicis</strong></span> <span class='ocrx_word' id='word_1_7' title='bbox 567 533 772 616; x_wconf 85' lang='lat' dir='ltr'><strong>absolvatur,</strong></span> <span class='ocrx_word' id='word_1_8' title='bbox 784 536 839 601; x_wconf 89' lang='lat' dir='ltr'><strong>vel</strong></span> <span class='ocrx_word' id='word_1_9' title='bbox 851 534 971 601; x_wconf 89' lang='lat' dir='ltr'><strong>saltem</strong></span> <span class='ocrx_word' id='word_1_10' title='bbox 984 554 1044 617; x_wconf 93' lang='lat' dir='ltr'><strong>pro</strong></span> <span class='ocrx_word' id='word_1_11' title='bbox 1056 538 1249 620; x_wconf 89' lang='lat' dir='ltr'><strong>juramento</strong></span> <span class='ocrx_word' id='word_1_12' title='bbox 1265 538 1400 609; x_wconf 88' lang='lat' dir='ltr'>LXXII</span> 
     </span>
     <span class='ocr_line' id='line_1_3' title="bbox 199 636 1235 723; baseline 0.01 -24"><span class='ocrx_word' id='word_1_13' title='bbox 199 652 326 716; x_wconf 87' lang='lat' dir='ltr'><strong>parvos</strong></span> <span class='ocrx_word' id='word_1_14' title='bbox 350 636 504 702; x_wconf 89' lang='lat' dir='ltr'><strong>denarios</strong></span> <span class='ocrx_word' id='word_1_15' title='bbox 527 636 661 703; x_wconf 89' lang='lat' dir='ltr'><strong>ratione</strong></span> <span class='ocrx_word' id='word_1_16' title='bbox 684 639 845 705; x_wconf 88' lang='lat' dir='ltr'><strong>emendae</strong></span> <span class='ocrx_word' id='word_1_17' title='bbox 866 639 971 723; x_wconf 85' lang='lat' dir='ltr'><strong>judici</strong></span> <span class='ocrx_word' id='word_1_18' title='bbox 995 642 1235 723; x_wconf 79' lang='lat' dir='ltr'><strong>praesentabit.</strong></span> 
     </span>
    </p>
   </div>
   <div class='ocr_carea' id='block_1_3' title="bbox 194 792 1398 2341">
    <p class='ocr_par' dir='ltr' id='par_1_3' title="bbox 194 792 1398 1819">
     <span class='ocr_line' id='line_1_4' title="bbox 304 792 1398 885; baseline 0.016 -32"><span class='ocrx_word' id='word_1_19' title='bbox 304 792 378 860; x_wconf 84' lang='lat'><strong><em>104.</em></strong></span> <span class='ocrx_word' id='word_1_20' title='bbox 400 793 452 856; x_wconf 84' lang='lat' dir='ltr'><strong>Da</strong></span> <span class='ocrx_word' id='word_1_21' title='bbox 474 794 751 859; x_wconf 72' lang='lat' dir='ltr'><strong>arrestatioaibus</strong></span> <span class='ocrx_word' id='word_1_22' title='bbox 775 806 806 861; x_wconf 84' lang='lat' dir='ltr'><strong>et</strong></span> <span class='ocrx_word' id='word_1_23' title='bbox 829 796 1087 880; x_wconf 78' lang='lat' dir='ltr'><strong>confessionibus</strong></span> <span class='ocrx_word' id='word_1_24' title='bbox 1100 802 1252 868; x_wconf 76' lang='lat' dir='ltr'><strong>mutatio.</strong></span> <span class='ocrx_word' id='word_1_25' title='bbox 1274 802 1398 885; x_wconf 83' lang='lat' dir='ltr'><strong>Propo-</strong></span> 
     </span>
     <span class='ocr_line' id='line_1_5' title="bbox 194 897 1398 986; baseline 0.01 -22"><span class='ocrx_word' id='word_1_26' title='bbox 194 897 285 964; x_wconf 80' lang='lat' dir='ltr'>situs</span> <span class='ocrx_word' id='word_1_27' title='bbox 309 916 408 965; x_wconf 91' lang='lat' dir='ltr'><strong>casus</strong></span> <span class='ocrx_word' id='word_1_28' title='bbox 431 898 510 965; x_wconf 90' lang='lat' dir='ltr'><strong>talis</strong></span> <span class='ocrx_word' id='word_1_29' title='bbox 534 904 603 965; x_wconf 85' lang='lat' dir='ltr'><strong>ost:</strong></span> <span class='ocrx_word' id='word_1_30' title='bbox 634 899 730 981; x_wconf 85' lang='lat' dir='ltr'><strong>Equo</strong></span> <span class='ocrx_word' id='word_1_31' title='bbox 752 901 924 969; x_wconf 88' lang='lat' dir='ltr'><strong>nobiscum</strong></span> <span class='ocrx_word' id='word_1_32' title='bbox 954 907 1123 969; x_wconf 89' lang='lat' dir='ltr'><strong>arrestato</strong></span> <span class='ocrx_word' id='word_1_33' title='bbox 1153 908 1188 970; x_wconf 92' lang='lat' dir='ltr'><strong>et</strong></span> <span class='ocrx_word' id='word_1_34' title='bbox 1219 922 1324 986; x_wconf 84' lang='lat' dir='ltr'><strong>usque</strong></span> <span class='ocrx_word' id='word_1_35' title='bbox 1355 911 1398 976; x_wconf 91' lang='lat' dir='ltr'><strong>ad</strong></span> 
     </span>
     <span class='ocr_line' id='line_1_6' title="bbox 194 1003 1398 1092; baseline 0.009 -25"><span class='ocrx_word' id='word_1_36' title='bbox 194 1013 361 1085; x_wconf 84' lang='lat' dir='ltr'><strong>quartum,</strong></span> <span class='ocrx_word' id='word_1_37' title='bbox 396 1003 453 1083; x_wconf 86' lang='lat' dir='ltr'><strong>qui</strong></span> <span class='ocrx_word' id='word_1_38' title='bbox 483 1022 545 1085; x_wconf 89' lang='lat' dir='ltr'><strong>pro</strong></span> <span class='ocrx_word' id='word_1_39' title='bbox 572 1021 610 1071; x_wconf 91' lang='lat' dir='ltr'><strong>eo</strong></span> <span class='ocrx_word' id='word_1_40' title='bbox 633 1007 839 1089; x_wconf 89' lang='lat' dir='ltr'><strong>respondere</strong></span> <span class='ocrx_word' id='word_1_41' title='bbox 869 1007 1017 1083; x_wconf 79' lang='lat' dir='ltr'><strong>deberet,</strong></span> <span class='ocrx_word' id='word_1_42' title='bbox 1049 1008 1216 1092; x_wconf 84' lang='lat' dir='ltr'><strong>devoluto,</strong></span> <span class='ocrx_word' id='word_1_43' title='bbox 1246 1010 1332 1077; x_wconf 87' lang='lat' dir='ltr'><strong>idem</strong></span> <span class='ocrx_word' id='word_1_44' title='bbox 1363 1010 1398 1078; x_wconf 93' lang='lat' dir='ltr'><strong>in</strong></span> 
     </span>
     <span class='ocr_line' id='line_1_7' title="bbox 194 1095 1398 1199; baseline 0.009 -26"><span class='ocrx_word' id='word_1_45' title='bbox 194 1106 407 1173; x_wconf 78' lang='lat' dir='ltr'><strong>habitatione</strong></span> <span class='ocrx_word' id='word_1_46' title='bbox 430 1126 491 1173; x_wconf 91' lang='lat' dir='ltr'><strong>sua</strong></span> <span class='ocrx_word' id='word_1_47' title='bbox 516 1126 625 1175; x_wconf 87' lang='lat' dir='ltr'><strong>coram</strong></span> <span class='ocrx_word' id='word_1_48' title='bbox 648 1109 762 1193; x_wconf 88' lang='lat' dir='ltr'><strong>probis</strong></span> <span class='ocrx_word' id='word_1_49' title='bbox 786 1095 869 1178; x_wconf 87' lang='lat' dir='ltr'><strong>viris</strong></span> <span class='ocrx_word' id='word_1_50' title='bbox 893 1114 927 1177; x_wconf 88' lang='lat' dir='ltr'><strong>et</strong></span> <span class='ocrx_word' id='word_1_51' title='bbox 951 1110 1097 1177; x_wconf 84' lang='lat' dir='ltr'><strong>scabinis</strong></span> <span class='ocrx_word' id='word_1_52' title='bbox 1113 1113 1260 1199; x_wconf 84' lang='lat' dir='ltr'><strong>negavit,</strong></span> <span class='ocrx_word' id='word_1_53' title='bbox 1278 1134 1398 1197; x_wconf 88' lang='lat' dir='ltr'><strong>equum</strong></span> 
     </span>
     <span class='ocr_line' id='line_1_8' title="bbox 196 1213 1397 1301; baseline 0.009 -24"><span class='ocrx_word' id='word_1_54' title='bbox 196 1229 275 1277; x_wconf 86' lang='lat' dir='ltr'><strong>esse</strong></span> <span class='ocrx_word' id='word_1_55' title='bbox 298 1229 409 1294; x_wconf 82' lang='lat' dir='ltr'><strong>suum3</strong></span> <span class='ocrx_word' id='word_1_56' title='bbox 432 1218 550 1294; x_wconf 85' lang='lat' dir='ltr'><strong>postea</strong></span> <span class='ocrx_word' id='word_1_57' title='bbox 573 1232 654 1281; x_wconf 86' lang='lat' dir='ltr'><strong>vcro</strong></span> <span class='ocrx_word' id='word_1_58' title='bbox 676 1218 794 1280; x_wconf 88' lang='lat' dir='ltr'><strong>astans</strong></span> <span class='ocrx_word' id='word_1_59' title='bbox 817 1213 978 1281; x_wconf 88' lang='lat' dir='ltr'><strong>tribunali</strong></span> <span class='ocrx_word' id='word_1_60' title='bbox 1002 1215 1096 1301; x_wconf 84' lang='lat' dir='ltr'><strong>dixit,</strong></span> <span class='ocrx_word' id='word_1_61' title='bbox 1120 1235 1180 1298; x_wconf 91' lang='lat' dir='ltr'><strong>per</strong></span> <span class='ocrx_word' id='word_1_62' title='bbox 1201 1221 1397 1288; x_wconf 89' lang='lat' dir='ltr'><strong>abrasuram</strong></span> 
     </span>
     <span class='ocr_line' id='line_1_9' title="bbox 196 1317 1397 1403; baseline 0.008 -22"><span class='ocrx_word' id='word_1_63' title='bbox 196 1334 260 1381; x_wconf 89' lang='lat' dir='ltr'><strong>seu</strong></span> <span class='ocrx_word' id='word_1_64' title='bbox 283 1319 454 1383; x_wconf 79' lang='lat' dir='ltr'><strong>tonsuram</strong></span> <span class='ocrx_word' id='word_1_65' title='bbox 477 1335 596 1398; x_wconf 86' lang='lat' dir='ltr'><strong>equum</strong></span> <span class='ocrx_word' id='word_1_66' title='bbox 624 1317 658 1382; x_wconf 93' lang='lat' dir='ltr'><strong>in</strong></span> <span class='ocrx_word' id='word_1_67' title='bbox 687 1322 820 1384; x_wconf 88' lang='lat' dir='ltr'><strong>tantum</strong></span> <span class='ocrx_word' id='word_1_68' title='bbox 850 1318 1059 1384; x_wconf 88' lang='lat' dir='ltr'><strong>immutatum</strong></span> <span class='ocrx_word' id='word_1_69' title='bbox 1090 1337 1173 1403; x_wconf 87' lang='lat' dir='ltr'><strong>esse,</strong></span> <span class='ocrx_word' id='word_1_70' title='bbox 1205 1324 1292 1401; x_wconf 90' lang='lat' dir='ltr'><strong>quod</strong></span> <span class='ocrx_word' id='word_1_71' title='bbox 1323 1342 1397 1391; x_wconf 87' lang='lat' dir='ltr'><strong>cum</strong></span> 
     </span>
     <span class='ocr_line' id='line_1_10' title="bbox 195 1414 1396 1509; baseline 0.008 -24"><span class='ocrx_word' id='word_1_72' title='bbox 195 1420 403 1503; x_wconf 80' lang='lat' dir='ltr'><strong>primariae</strong></span> <span class='ocrx_word' id='word_1_73' title='bbox 426 1439 491 1487; x_wconf 94' lang='lat' dir='ltr'><strong>non</strong></span> <span class='ocrx_word' id='word_1_74' title='bbox 516 1414 721 1504; x_wconf 83' lang='lat' dir='ltr'><strong>cognoverit,</strong></span> <span class='ocrx_word' id='word_1_75' title='bbox 744 1424 804 1489; x_wconf 90' lang='lat' dir='ltr'><strong>sed</strong></span> <span class='ocrx_word' id='word_1_76' title='bbox 828 1424 921 1489; x_wconf 88' lang='lat' dir='ltr'><strong>modo</strong></span> <span class='ocrx_word' id='word_1_77' title='bbox 946 1442 987 1489; x_wconf 85' lang='lat' dir='ltr'><strong>ex</strong></span> <span class='ocrx_word' id='word_1_78' title='bbox 1011 1424 1113 1491; x_wconf 89' lang='lat' dir='ltr'><strong>certis</strong></span> <span class='ocrx_word' id='word_1_79' title='bbox 1137 1425 1242 1509; x_wconf 81' lang='lat' dir='ltr'><strong>signis</strong></span> <span class='ocrx_word' id='word_1_80' title='bbox 1265 1428 1396 1509; x_wconf 86' lang='lat' dir='ltr'><strong>plenius</strong></span> 
     </span>
     <span class='ocr_line' id='line_1_11' title="bbox 194 1524 1394 1617; baseline 0.009 -27"><span class='ocrx_word' id='word_1_81' title='bbox 194 1524 386 1592; x_wconf 90' lang='lat' dir='ltr'><strong>instructus</strong></span> <span class='ocrx_word' id='word_1_82' title='bbox 420 1526 629 1604; x_wconf 89' lang='lat' dir='ltr'><strong>confiteatur,</strong></span> <span class='ocrx_word' id='word_1_83' title='bbox 664 1546 737 1591; x_wconf 90' lang='lat' dir='ltr'><strong>eum</strong></span> <span class='ocrx_word' id='word_1_84' title='bbox 772 1546 866 1594; x_wconf 90' lang='lat' dir='ltr'><strong>suum</strong></span> <span class='ocrx_word' id='word_1_85' title='bbox 901 1546 985 1594; x_wconf 88' lang='lat' dir='ltr'><strong>csse.</strong></span> <span class='ocrx_word' id='word_1_86' title='bbox 1020 1528 1205 1612; x_wconf 77' lang='lat' dir='ltr'><strong>Quaeritur</strong></span> <span class='ocrx_word' id='word_1_87' title='bbox 1238 1551 1318 1617; x_wconf 87' lang='lat' dir='ltr'><strong>ergo</strong></span> <span class='ocrx_word' id='word_1_88' title='bbox 1352 1536 1394 1601; x_wconf 89' lang='lat' dir='ltr'><strong>ab</strong></span> 
     </span>
     <span class='ocr_line' id='line_1_12' title="bbox 195 1630 1394 1719; baseline 0.008 -25"><span class='ocrx_word' id='word_1_89' title='bbox 195 1631 405 1713; x_wconf 89' lang='lat' dir='ltr'><strong>adversario,</strong></span> <span class='ocrx_word' id='word_1_90' title='bbox 438 1639 547 1697; x_wconf 89' lang='lat' dir='ltr'><strong>utrum</strong></span> <span class='ocrx_word' id='word_1_91' title='bbox 578 1630 659 1697; x_wconf 90' lang='lat' dir='ltr'><strong>talis</strong></span> <span class='ocrx_word' id='word_1_92' title='bbox 688 1631 829 1698; x_wconf 89' lang='lat' dir='ltr'><strong>mutatio</strong></span> <span class='ocrx_word' id='word_1_93' title='bbox 861 1631 1080 1699; x_wconf 83' lang='lat' dir='ltr'><strong>confessionis</strong></span> <span class='ocrx_word' id='word_1_94' title='bbox 1111 1634 1174 1699; x_wconf 92' lang='lat' dir='ltr'><strong>sibi</strong></span> <span class='ocrx_word' id='word_1_95' title='bbox 1204 1654 1271 1703; x_wconf 91' lang='lat' dir='ltr'><strong>non</strong></span> <span class='ocrx_word' id='word_1_96' title='bbox 1301 1656 1394 1719; x_wconf 89' lang='lat' dir='ltr'><strong>prae·</strong></span> 
     </span>
     <span class='ocr_line' id='line_1_13' title="bbox 194 1733 1097 1819; baseline 0.003 -21"><span class='ocrx_word' id='word_1_97' title='bbox 194 1734 327 1814; x_wconf 84' lang='lat' dir='ltr'><strong>iudicat</strong></span> <span class='ocrx_word' id='word_1_98' title='bbox 348 1733 383 1800; x_wconf 94' lang='lat' dir='ltr'><strong>in</strong></span> <span class='ocrx_word' id='word_1_99' title='bbox 407 1753 467 1800; x_wconf 92' lang='lat' dir='ltr'><strong>suo</strong></span> <span class='ocrx_word' id='word_1_100' title='bbox 489 1734 588 1819; x_wconf 83' lang='lat' dir='ltr'><strong>jura?</strong></span> <span class='ocrx_word' id='word_1_101' title='bbox 1095 1752 1097 1759; x_wconf 89' lang='lat'>·</span> 
     </span>
    </p>

    <p class='ocr_par' dir='ltr' id='par_1_4' title="bbox 194 1838 1394 2341">
     <span class='ocr_line' id='line_1_14' title="bbox 302 1838 1394 1927; baseline 0.006 -23"><span class='ocrx_word' id='word_1_102' title='bbox 302 1838 439 1921; x_wconf 81' lang='lat' dir='ltr'><strong>Super</strong></span> <span class='ocrx_word' id='word_1_103' title='bbox 462 1858 540 1920; x_wconf 90' lang='lat' dir='ltr'><strong>quo</strong></span> <span class='ocrx_word' id='word_1_104' title='bbox 563 1838 799 1907; x_wconf 85' lang='lat' dir='ltr'><strong>diffinitum</strong></span> <span class='ocrx_word' id='word_1_105' title='bbox 823 1844 906 1907; x_wconf 91' lang='lat' dir='ltr'><strong>est:</strong></span> <span class='ocrx_word' id='word_1_106' title='bbox 932 1839 1027 1925; x_wconf 78' lang='lat' dir='ltr'><strong>Quod</strong></span> <span class='ocrx_word' id='word_1_107' title='bbox 1043 1843 1180 1925; x_wconf 82' lang='lat' dir='ltr'><strong>negatio</strong></span> <span class='ocrx_word' id='word_1_108' title='bbox 1197 1847 1294 1909; x_wconf 80' lang='lat' dir='ltr'><strong>extra</strong></span> <span class='ocrx_word' id='word_1_109' title='bbox 1306 1844 1394 1927; x_wconf 91' lang='lat' dir='ltr'><strong>judi·</strong></span> 
     </span>
     <span class='ocr_line' id='line_1_15' title="bbox 194 1941 1392 2029; baseline 0.007 -22"><span class='ocrx_word' id='word_1_110' title='bbox 194 1942 285 2008; x_wconf 83' lang='lat' dir='ltr'><strong>cium</strong></span> <span class='ocrx_word' id='word_1_111' title='bbox 307 1943 400 2010; x_wconf 87' lang='lat' dir='ltr'><strong>facta</strong></span> <span class='ocrx_word' id='word_1_112' title='bbox 423 1941 532 2010; x_wconf 89' lang='lat' dir='ltr'><strong>cidem</strong></span> <span class='ocrx_word' id='word_1_113' title='bbox 554 1962 621 2010; x_wconf 91' lang='lat' dir='ltr'><strong>nou</strong></span> <span class='ocrx_word' id='word_1_114' title='bbox 638 1943 731 2010; x_wconf 88' lang='lat' dir='ltr'><strong>offuit</strong></span> <span class='ocrx_word' id='word_1_115' title='bbox 745 1949 865 2026; x_wconf 90' lang='lat' dir='ltr'><strong>postea</strong></span> <span class='ocrx_word' id='word_1_116' title='bbox 880 1946 1052 2029; x_wconf 87' lang='lat' dir='ltr'><strong>injudicio</strong></span> <span class='ocrx_word' id='word_1_117' title='bbox 1069 1946 1257 2029; x_wconf 91' lang='lat' dir='ltr'><strong>confitenti;</strong></span> <span class='ocrx_word' id='word_1_118' title='bbox 1273 1948 1315 2012; x_wconf 91' lang='lat' dir='ltr'><strong>ad</strong></span> <span class='ocrx_word' id='word_1_119' title='bbox 1331 1948 1392 2015; x_wconf 91' lang='lat' dir='ltr'><strong>hoc</strong></span> 
     </span>
     <span class='ocr_line' id='line_1_16' title="bbox 194 2047 1392 2137; baseline 0.004 -25"><span class='ocrx_word' id='word_1_120' title='bbox 194 2047 294 2131; x_wconf 87' lang='lat' dir='ltr'><strong>eninr,</strong></span> <span class='ocrx_word' id='word_1_121' title='bbox 317 2050 404 2129; x_wconf 89' lang='lat' dir='ltr'><strong>quod</strong></span> <span class='ocrx_word' id='word_1_122' title='bbox 428 2047 593 2115; x_wconf 86' lang='lat' dir='ltr'><strong>confessio</strong></span> <span class='ocrx_word' id='word_1_123' title='bbox 616 2053 737 2115; x_wconf 88' lang='lat' dir='ltr'><strong>noceat</strong></span> <span class='ocrx_word' id='word_1_124' title='bbox 759 2049 942 2127; x_wconf 85' lang='lat' dir='ltr'><strong>confitenti,</strong></span> <span class='ocrx_word' id='word_1_125' title='bbox 958 2050 1150 2134; x_wconf 89' lang='lat' dir='ltr'><strong>requiritur,</strong></span> <span class='ocrx_word' id='word_1_126' title='bbox 1170 2053 1257 2131; x_wconf 91' lang='lat' dir='ltr'><strong>quod</strong></span> <span class='ocrx_word' id='word_1_127' title='bbox 1273 2051 1392 2137; x_wconf 89' lang='lat' dir='ltr'><strong>sciens,</strong></span> 
     </span>
     <span class='ocr_line' id='line_1_17' title="bbox 195 2151 1392 2235; baseline 0.004 -18"><span class='ocrx_word' id='word_1_128' title='bbox 195 2171 265 2230; x_wconf 91' lang='lat' dir='ltr'><strong>non</strong></span> <span class='ocrx_word' id='word_1_129' title='bbox 280 2170 341 2233; x_wconf 88' lang='lat' dir='ltr'><strong>per</strong></span> <span class='ocrx_word' id='word_1_130' title='bbox 357 2171 502 2219; x_wconf 88' lang='lat' dir='ltr'><strong>errorem</strong></span> <span class='ocrx_word' id='word_1_131' title='bbox 518 2151 610 2235; x_wconf 83' lang='lat' dir='ltr'><strong>lacti,</strong></span> <span class='ocrx_word' id='word_1_132' title='bbox 625 2154 842 2235; x_wconf 86' lang='lat' dir='ltr'><strong>confiteatur;</strong></span> <span class='ocrx_word' id='word_1_133' title='bbox 864 2153 949 2221; x_wconf 88' lang='lat' dir='ltr'><strong>alias</strong></span> <span class='ocrx_word' id='word_1_134' title='bbox 965 2154 1051 2220; x_wconf 90' lang='lat' dir='ltr'><strong>enim</strong></span> <span class='ocrx_word' id='word_1_135' title='bbox 1068 2154 1231 2221; x_wconf 76' lang='lat' dir='ltr'><strong>confessio</strong></span> <span class='ocrx_word' id='word_1_136' title='bbox 1247 2156 1312 2221; x_wconf 88' lang='lat' dir='ltr'><strong>sibi</strong></span> <span class='ocrx_word' id='word_1_137' title='bbox 1327 2175 1392 2223; x_wconf 95' lang='lat' dir='ltr'><strong>non</strong></span> 
     </span>
     <span class='ocr_line' id='line_1_18' title="bbox 195 2258 1391 2341; baseline 0.004 -19"><span class='ocrx_word' id='word_1_138' title='bbox 195 2258 417 2341; x_wconf 89' lang='lat' dir='ltr'><strong>praejudicat,</strong></span> <span class='ocrx_word' id='word_1_139' title='bbox 445 2258 618 2323; x_wconf 91' lang='lat' dir='ltr'><strong>dummodo</strong></span> <span class='ocrx_word' id='word_1_140' title='bbox 641 2263 721 2323; x_wconf 91' lang='lat' dir='ltr'><strong>ante</strong></span> <span class='ocrx_word' id='word_1_141' title='bbox 744 2259 948 2325; x_wconf 89' lang='lat' dir='ltr'><strong>sententiam</strong></span> <span class='ocrx_word' id='word_1_142' title='bbox 972 2258 1167 2341; x_wconf 84' lang='lat' dir='ltr'><strong>probauerit</strong></span> <span class='ocrx_word' id='word_1_143' title='bbox 1190 2277 1226 2326; x_wconf 90' lang='lat' dir='ltr'><strong>se</strong></span> <span class='ocrx_word' id='word_1_144' title='bbox 1249 2277 1391 2329; x_wconf 90' lang='lat' dir='ltr'><strong>errasse.</strong></span> 
     </span>
    </p>
   </div>
   <div class='ocr_carea' id='block_1_4' title="bbox 299 2412 1390 2501">
    <p class='ocr_par' dir='ltr' id='par_1_5' title="bbox 299 2412 1390 2501">
     <span class='ocr_line' id='line_1_19' title="bbox 299 2412 1390 2501; baseline 0.004 -26"><span class='ocrx_word' id='word_1_145' title='bbox 299 2414 372 2478; x_wconf 85' lang='lat'><strong><em>105.</em></strong></span> <span class='ocrx_word' id='word_1_146' title='bbox 411 2414 463 2477; x_wconf 82' lang='lat' dir='ltr'><strong>Do</strong></span> <span class='ocrx_word' id='word_1_147' title='bbox 497 2412 768 2477; x_wconf 79' lang='lat' dir='ltr'><strong>arrestatiooibua</strong></span> <span class='ocrx_word' id='word_1_148' title='bbox 800 2435 964 2498; x_wconf 81' lang='lat' dir='ltr'><strong>equorum,</strong></span> <span class='ocrx_word' id='word_1_149' title='bbox 1002 2424 1155 2497; x_wconf 81' lang='lat' dir='ltr'><strong>quantum</strong></span> <span class='ocrx_word' id='word_1_150' title='bbox 1190 2417 1235 2479; x_wconf 84' lang='lat' dir='ltr'><strong>ad</strong></span> <span class='ocrx_word' id='word_1_151' title='bbox 1257 2418 1390 2501; x_wconf 81' lang='lat' dir='ltr'><strong>judicio</strong></span> 
     </span>
    </p>
   </div>
   <div class='ocr_carea' id='block_1_5' title="bbox 186 2518 1390 4459">
    <p class='ocr_par' dir='ltr' id='par_1_6' title="bbox 188 2518 1390 3853">
     <span class='ocr_line' id='line_1_20' title="bbox 191 2518 1390 2603; baseline 0.004 -20"><span class='ocrx_word' id='word_1_152' title='bbox 191 2519 334 2583; x_wconf 71' lang='lat' dir='ltr'><strong>diversa.</strong></span> <span class='ocrx_word' id='word_1_153' title='bbox 367 2518 510 2603; x_wconf 74' lang='lat' dir='ltr'><strong>Quidam</strong></span> <span class='ocrx_word' id='word_1_154' title='bbox 540 2524 786 2600; x_wconf 84' lang='lat' dir='ltr'><strong>proposuerunt</strong></span> <span class='ocrx_word' id='word_1_155' title='bbox 815 2519 918 2585; x_wconf 86' lang='lat' dir='ltr'><strong>talam</strong></span> <span class='ocrx_word' id='word_1_156' title='bbox 941 2538 1070 2586; x_wconf 88' lang='lat' dir='ltr'><strong>casum:</strong></span> <span class='ocrx_word' id='word_1_157' title='bbox 1093 2520 1187 2587; x_wconf 88' lang='lat' dir='ltr'><strong>Unus</strong></span> <span class='ocrx_word' id='word_1_158' title='bbox 1207 2522 1249 2588; x_wconf 88' lang='lat' dir='ltr'><strong>de</strong></span> <span class='ocrx_word' id='word_1_159' title='bbox 1265 2521 1390 2588; x_wconf 87' lang='lat' dir='ltr'><strong>nostris</strong></span> 
     </span>
     <span class='ocr_line' id='line_1_21' title="bbox 191 2622 1388 2707; baseline 0.003 -19"><span class='ocrx_word' id='word_1_160' title='bbox 191 2622 327 2689; x_wconf 91' lang='lat' dir='ltr'><strong>cuidam</strong></span> <span class='ocrx_word' id='word_1_161' title='bbox 349 2625 501 2690; x_wconf 80' lang='lat' dir='ltr'><strong>advenae</strong></span> <span class='ocrx_word' id='word_1_162' title='bbox 523 2641 641 2704; x_wconf 89' lang='lat' dir='ltr'><strong>equum</strong></span> <span class='ocrx_word' id='word_1_163' title='bbox 659 2623 820 2704; x_wconf 86' lang='lat' dir='ltr'><strong>vendidit,</strong></span> <span class='ocrx_word' id='word_1_164' title='bbox 848 2624 903 2703; x_wconf 90' lang='lat' dir='ltr'><strong>qui</strong></span> <span class='ocrx_word' id='word_1_165' title='bbox 920 2625 1096 2707; x_wconf 83' lang='lat' dir='ltr'><strong>paulopost</strong></span> <span class='ocrx_word' id='word_1_166' title='bbox 1113 2624 1146 2690; x_wconf 91' lang='lat' dir='ltr'><strong>in</strong></span> <span class='ocrx_word' id='word_1_167' title='bbox 1163 2625 1283 2707; x_wconf 89' lang='lat' dir='ltr'><strong>oppido</strong></span> <span class='ocrx_word' id='word_1_168' title='bbox 1300 2624 1388 2691; x_wconf 94' lang='lat' dir='ltr'><strong>dicto</strong></span> 
     </span>
     <span class='ocr_line' id='line_1_22' title="bbox 192 2727 1388 2812; baseline 0.001 -18"><span class='ocrx_word' id='word_1_169' title='bbox 192 2727 375 2794; x_wconf 90' lang='lat' dir='ltr'><strong>Potenstat</strong></span> <span class='ocrx_word' id='word_1_170' title='bbox 397 2733 452 2794; x_wconf 89' lang='lat' dir='ltr'><strong>est</strong></span> <span class='ocrx_word' id='word_1_171' title='bbox 474 2731 664 2809; x_wconf 89' lang='lat' dir='ltr'><strong>occupatus.</strong></span> <span class='ocrx_word' id='word_1_172' title='bbox 689 2727 836 2794; x_wconf 88' lang='lat' dir='ltr'><strong>Veniens</strong></span> <span class='ocrx_word' id='word_1_173' title='bbox 859 2747 938 2812; x_wconf 82' lang='lat' dir='ltr'><strong>ergo</strong></span> <span class='ocrx_word' id='word_1_174' title='bbox 955 2731 1085 2795; x_wconf 83' lang='lat' dir='ltr'><strong>advena</strong></span> <span class='ocrx_word' id='word_1_175' title='bbox 1101 2731 1144 2795; x_wconf 88' lang='lat' dir='ltr'><strong>ad</strong></span> <span class='ocrx_word' id='word_1_176' title='bbox 1161 2746 1221 2795; x_wconf 89' lang='lat' dir='ltr'><strong>nos</strong></span> <span class='ocrx_word' id='word_1_177' title='bbox 1238 2734 1388 2795; x_wconf 88' lang='lat' dir='ltr'><strong>nostrum</strong></span> 
     </span>
     <span class='ocr_line' id='line_1_23' title="bbox 193 2828 1385 2915; baseline 0.002 -17"><span class='ocrx_word' id='word_1_178' title='bbox 193 2830 366 2899; x_wconf 79' lang='lat' dir='ltr'><strong>concivem</strong></span> <span class='ocrx_word' id='word_1_179' title='bbox 388 2832 525 2915; x_wconf 89' lang='lat' dir='ltr'><strong>monuit,</strong></span> <span class='ocrx_word' id='word_1_180' title='bbox 548 2834 635 2911; x_wconf 85' lang='lat' dir='ltr'><strong>quod</strong></span> <span class='ocrx_word' id='word_1_181' title='bbox 657 2832 692 2899; x_wconf 91' lang='lat' dir='ltr'><strong>in</strong></span> <span class='ocrx_word' id='word_1_182' title='bbox 715 2833 895 2898; x_wconf 85' lang='lat' dir='ltr'><strong>Potenstat</strong></span> <span class='ocrx_word' id='word_1_183' title='bbox 910 2832 1073 2899; x_wconf 89' lang='lat' dir='ltr'><strong>transiret</strong></span> <span class='ocrx_word' id='word_1_184' title='bbox 1097 2837 1132 2898; x_wconf 91' lang='lat' dir='ltr'><strong>et</strong></span> <span class='ocrx_word' id='word_1_185' title='bbox 1155 2828 1271 2913; x_wconf 79' lang='lat' dir='ltr'><strong>equum</strong></span> <span class='ocrx_word' id='word_1_186' title='bbox 1296 2851 1385 2900; x_wconf 87' lang='lat' dir='ltr'><strong>arre-</strong></span> 
     </span>
     <span class='ocr_line' id='line_1_24' title="bbox 192 2936 1389 3021; baseline 0 -18"><span class='ocrx_word' id='word_1_187' title='bbox 192 2942 324 3005; x_wconf 88' lang='lat' dir='ltr'><strong>statum</strong></span> <span class='ocrx_word' id='word_1_188' title='bbox 357 2937 570 3021; x_wconf 83' lang='lat' dir='ltr'><strong>disbrigaret.</strong></span> <span class='ocrx_word' id='word_1_189' title='bbox 605 2937 701 3020; x_wconf 80' lang='lat' dir='ltr'><strong>Quod</strong></span> <span class='ocrx_word' id='word_1_190' title='bbox 733 2936 847 3003; x_wconf 83' lang='lat' dir='ltr'><strong>facere</strong></span> <span class='ocrx_word' id='word_1_191' title='bbox 881 2955 1050 3020; x_wconf 88' lang='lat' dir='ltr'><strong>recusans,</strong></span> <span class='ocrx_word' id='word_1_192' title='bbox 1085 2937 1178 3015; x_wconf 84' lang='lat' dir='ltr'><strong>dixit,</strong></span> <span class='ocrx_word' id='word_1_193' title='bbox 1215 2936 1313 3020; x_wconf 86' lang='lat' dir='ltr'><strong>„quia</strong></span> <span class='ocrx_word' id='word_1_194' title='bbox 1332 2938 1389 3021; x_wconf 90' lang='lat' dir='ltr'><strong>jus</strong></span> 
     </span>
     <span class='ocr_line' id='line_1_25' title="bbox 192 3041 1388 3126; baseline -0.001 -18"><span class='ocrx_word' id='word_1_195' title='bbox 192 3060 329 3108; x_wconf 90' lang='lat' dir='ltr'><strong>suorum</strong></span> <span class='ocrx_word' id='word_1_196' title='bbox 351 3041 472 3109; x_wconf 88' lang='lat' dir='ltr'><strong>civium</strong></span> <span class='ocrx_word' id='word_1_197' title='bbox 494 3042 647 3126; x_wconf 85' lang='lat' dir='ltr'><strong>haberet,</strong></span> <span class='ocrx_word' id='word_1_198' title='bbox 670 3044 758 3122; x_wconf 88' lang='lat' dir='ltr'><strong>quod</strong></span> <span class='ocrx_word' id='word_1_199' title='bbox 781 3058 886 3121; x_wconf 89' lang='lat' dir='ltr'><strong>equus</strong></span> <span class='ocrx_word' id='word_1_200' title='bbox 909 3041 944 3106; x_wconf 94' lang='lat' dir='ltr'><strong>in</strong></span> <span class='ocrx_word' id='word_1_201' title='bbox 960 3043 1089 3107; x_wconf 87' lang='lat' dir='ltr'><strong>domum</strong></span> <span class='ocrx_word' id='word_1_202' title='bbox 1106 3060 1199 3107; x_wconf 88' lang='lat' dir='ltr'><strong>suam</strong></span> <span class='ocrx_word' id='word_1_203' title='bbox 1215 3042 1279 3107; x_wconf 90' lang='lat' dir='ltr'><strong>sibi</strong></span> <span class='ocrx_word' id='word_1_204' title='bbox 1294 3058 1388 3123; x_wconf 89' lang='lat' dir='ltr'><strong>prae·</strong></span> 
     </span>
     <span class='ocr_line' id='line_1_26' title="bbox 192 3143 1389 3227; baseline 0.001 -17"><span class='ocrx_word' id='word_1_205' title='bbox 192 3148 378 3212; x_wconf 90' lang='lat' dir='ltr'><strong>sentandus</strong></span> <span class='ocrx_word' id='word_1_206' title='bbox 402 3150 524 3213; x_wconf 70' lang='lat' dir='ltr'><strong>esser.</strong></span> <span class='ocrx_word' id='word_1_207' title='bbox 547 3146 608 3213; x_wconf 86' lang='lat' dir='ltr'><strong>Cui</strong></span> <span class='ocrx_word' id='word_1_208' title='bbox 630 3147 762 3211; x_wconf 88' lang='lat' dir='ltr'><strong>advena</strong></span> <span class='ocrx_word' id='word_1_209' title='bbox 786 3143 969 3227; x_wconf 83' lang='lat' dir='ltr'><strong>respondit,</strong></span> <span class='ocrx_word' id='word_1_210' title='bbox 988 3145 1086 3227; x_wconf 87' lang='lat' dir='ltr'><strong>„quia</strong></span> <span class='ocrx_word' id='word_1_211' title='bbox 1102 3162 1309 3226; x_wconf 88' lang='lat' dir='ltr'><strong>nequaquam</strong></span> <span class='ocrx_word' id='word_1_212' title='bbox 1327 3146 1389 3211; x_wconf 89' lang='lat' dir='ltr'><strong>hoc</strong></span> 
     </span>
     <span class='ocr_line' id='line_1_27' title="bbox 190 3249 1389 3334; baseline 0 -19"><span class='ocrx_word' id='word_1_213' title='bbox 190 3249 305 3316; x_wconf 81' lang='lat' dir='ltr'><strong>iacere</strong></span> <span class='ocrx_word' id='word_1_214' title='bbox 328 3255 452 3334; x_wconf 89' lang='lat' dir='ltr'><strong>posset,</strong></span> <span class='ocrx_word' id='word_1_215' title='bbox 481 3267 523 3316; x_wconf 83' lang='lat' dir='ltr'><strong>ex</strong></span> <span class='ocrx_word' id='word_1_216' title='bbox 546 3268 595 3333; x_wconf 85' lang='lat' dir='ltr'><strong>eo,</strong></span> <span class='ocrx_word' id='word_1_217' title='bbox 626 3252 713 3329; x_wconf 92' lang='lat' dir='ltr'><strong>quod</strong></span> <span class='ocrx_word' id='word_1_218' title='bbox 737 3249 892 3331; x_wconf 89' lang='lat' dir='ltr'><strong>oppidum</strong></span> <span class='ocrx_word' id='word_1_219' title='bbox 920 3249 1100 3314; x_wconf 89' lang='lat' dir='ltr'><strong>Potenstat</strong></span> <span class='ocrx_word' id='word_1_220' title='bbox 1130 3254 1285 3315; x_wconf 90' lang='lat' dir='ltr'><strong>uteretur</strong></span> <span class='ocrx_word' id='word_1_221' title='bbox 1312 3250 1389 3333; x_wconf 90' lang='lat' dir='ltr'><strong>jure</strong></span> 
     </span>
     <span class='ocr_line' id='line_1_28' title="bbox 190 3352 1388 3439; baseline -0.002 -18"><span class='ocrx_word' id='word_1_222' title='bbox 190 3356 466 3439; x_wconf 83' lang='lat' dir='ltr'><strong>Maydburgansi,</strong></span> <span class='ocrx_word' id='word_1_223' title='bbox 499 3355 534 3420; x_wconf 93' lang='lat' dir='ltr'><strong>in</strong></span> <span class='ocrx_word' id='word_1_224' title='bbox 567 3374 631 3434; x_wconf 90' lang='lat' dir='ltr'><strong>quo</strong></span> <span class='ocrx_word' id='word_1_225' title='bbox 664 3358 869 3435; x_wconf 88' lang='lat' dir='ltr'><strong>servaretur,</strong></span> <span class='ocrx_word' id='word_1_226' title='bbox 904 3356 992 3432; x_wconf 89' lang='lat' dir='ltr'><strong>quod</strong></span> <span class='ocrx_word' id='word_1_227' title='bbox 1027 3371 1130 3432; x_wconf 86' lang='lat' dir='ltr'><strong>aquus</strong></span> <span class='ocrx_word' id='word_1_228' title='bbox 1161 3353 1196 3417; x_wconf 91' lang='lat' dir='ltr'><strong>in</strong></span> <span class='ocrx_word' id='word_1_229' title='bbox 1225 3352 1307 3434; x_wconf 86' lang='lat' dir='ltr'><strong>loco,</strong></span> <span class='ocrx_word' id='word_1_230' title='bbox 1331 3352 1388 3419; x_wconf 92' lang='lat' dir='ltr'><strong>ubi</strong></span> 
     </span>
     <span class='ocr_line' id='line_1_29' title="bbox 189 3456 1388 3542; baseline -0.002 -18"><span class='ocrx_word' id='word_1_231' title='bbox 189 3462 391 3542; x_wconf 80' lang='lat' dir='ltr'><strong>ernest-atur,</strong></span> <span class='ocrx_word' id='word_1_232' title='bbox 416 3458 543 3525; x_wconf 88' lang='lat' dir='ltr'><strong>tamdiu</strong></span> <span class='ocrx_word' id='word_1_233' title='bbox 574 3460 760 3525; x_wconf 87' lang='lat' dir='ltr'><strong>servandus</strong></span> <span class='ocrx_word' id='word_1_234' title='bbox 791 3464 853 3535; x_wconf 86' lang='lat' dir='ltr'><strong>est,</strong></span> <span class='ocrx_word' id='word_1_235' title='bbox 885 3458 990 3523; x_wconf 91' lang='lat' dir='ltr'><strong>donec</strong></span> <span class='ocrx_word' id='word_1_236' title='bbox 1021 3475 1122 3523; x_wconf 88' lang='lat' dir='ltr'><strong>causa</strong></span> <span class='ocrx_word' id='word_1_237' title='bbox 1152 3456 1388 3522; x_wconf 87' lang='lat' dir='ltr'><strong>arrestationis</strong></span> 
     </span>
     <span class='ocr_line' id='line_1_30' title="bbox 189 3559 1387 3644; baseline -0.003 -15"><span class='ocrx_word' id='word_1_238' title='bbox 189 3562 340 3629; x_wconf 87' lang='lat' dir='ltr'><strong>finaliter</strong></span> <span class='ocrx_word' id='word_1_239' title='bbox 372 3562 475 3630; x_wconf 88' lang='lat' dir='ltr'><strong>fuerit</strong></span> <span class='ocrx_word' id='word_1_240' title='bbox 508 3562 653 3628; x_wconf 85' lang='lat' dir='ltr'><strong>decisa“.</strong></span> <span class='ocrx_word' id='word_1_241' title='bbox 686 3562 785 3628; x_wconf 90' lang='lat' dir='ltr'><strong>Modo</strong></span> <span class='ocrx_word' id='word_1_242' title='bbox 817 3562 895 3641; x_wconf 89' lang='lat' dir='ltr'><strong>quia</strong></span> <span class='ocrx_word' id='word_1_243' title='bbox 926 3564 1064 3644; x_wconf 86' lang='lat' dir='ltr'><strong>emptor,</strong></span> <span class='ocrx_word' id='word_1_244' title='bbox 1095 3560 1151 3641; x_wconf 89' lang='lat' dir='ltr'><strong>qui</strong></span> <span class='ocrx_word' id='word_1_245' title='bbox 1181 3559 1387 3628; x_wconf 87' lang='lat' dir='ltr'><strong>venditorem</strong></span> 
     </span>
     <span class='ocr_line' id='line_1_31' title="bbox 188 3664 1387 3749; baseline -0.004 -15"><span class='ocrx_word' id='word_1_246' title='bbox 188 3672 346 3734; x_wconf 85' lang='lat' dir='ltr'><strong>statuere</strong></span> <span class='ocrx_word' id='word_1_247' title='bbox 382 3685 448 3734; x_wconf 92' lang='lat' dir='ltr'><strong>non</strong></span> <span class='ocrx_word' id='word_1_248' title='bbox 487 3671 609 3749; x_wconf 90' lang='lat' dir='ltr'><strong>potest,</strong></span> <span class='ocrx_word' id='word_1_249' title='bbox 642 3685 760 3747; x_wconf 84' lang='lat' dir='ltr'><strong>equum</strong></span> <span class='ocrx_word' id='word_1_250' title='bbox 800 3664 956 3747; x_wconf 87' lang='lat' dir='ltr'><strong>perdidit,</strong></span> <span class='ocrx_word' id='word_1_251' title='bbox 1000 3664 1185 3746; x_wconf 86' lang='lat' dir='ltr'><strong>quaeritur,</strong></span> <span class='ocrx_word' id='word_1_252' title='bbox 1223 3664 1257 3729; x_wconf 92' lang='lat' dir='ltr'><strong>in</strong></span> <span class='ocrx_word' id='word_1_253' title='bbox 1292 3664 1387 3746; x_wconf 86' lang='lat' dir='ltr'><strong>cujus</strong></span> 
     </span>
     <span class='ocr_line' id='line_1_32' title="bbox 191 3768 1059 3853; baseline -0.007 -14"><span class='ocrx_word' id='word_1_254' title='bbox 191 3775 369 3853; x_wconf 86' lang='lat' dir='ltr'><strong>dampnum</strong></span> <span class='ocrx_word' id='word_1_255' title='bbox 393 3772 507 3838; x_wconf 91' lang='lat' dir='ltr'><strong>eadem</strong></span> <span class='ocrx_word' id='word_1_256' title='bbox 531 3773 655 3837; x_wconf 88' lang='lat' dir='ltr'><strong>debeat</strong></span> <span class='ocrx_word' id='word_1_257' title='bbox 678 3769 823 3851; x_wconf 86' lang='lat' dir='ltr'><strong>perditio</strong></span> <span class='ocrx_word' id='word_1_258' title='bbox 846 3768 1059 3835; x_wconf 82' lang='lat' dir='ltr'><strong>redundare?</strong></span> 
     </span>
    </p>

    <p class='ocr_par' dir='ltr' id='par_1_7' title="bbox 186 3872 1386 4373">
     <span class='ocr_line' id='line_1_33' title="bbox 295 3872 1386 3957; baseline -0.003 -16"><span class='ocrx_word' id='word_1_259' title='bbox 295 3876 532 3957; x_wconf 86' lang='lat' dir='ltr'><strong>Superque</strong></span> <span class='ocrx_word' id='word_1_260' title='bbox 557 3873 793 3941; x_wconf 84' lang='lat' dir='ltr'><strong>diffinitum</strong></span> <span class='ocrx_word' id='word_1_261' title='bbox 815 3876 892 3955; x_wconf 87' lang='lat' dir='ltr'><strong>ost,</strong></span> <span class='ocrx_word' id='word_1_262' title='bbox 916 3874 1002 3952; x_wconf 85' lang='lat' dir='ltr'><strong>quod</strong></span> <span class='ocrx_word' id='word_1_263' title='bbox 1026 3872 1060 3938; x_wconf 93' lang='lat' dir='ltr'><strong>in</strong></span> <span class='ocrx_word' id='word_1_264' title='bbox 1089 3872 1289 3952; x_wconf 70' lang='lat' dir='ltr'><strong>venditoris,</strong></span> <span class='ocrx_word' id='word_1_265' title='bbox 1313 3890 1386 3938; x_wconf 90' lang='lat' dir='ltr'><strong>cum</strong></span> 
     </span>
     <span class='ocr_line' id='line_1_34' title="bbox 186 3976 1385 4060; baseline -0.006 -13"><span class='ocrx_word' id='word_1_266' title='bbox 186 3982 275 4048; x_wconf 91' lang='lat' dir='ltr'><strong>enim</strong></span> <span class='ocrx_word' id='word_1_267' title='bbox 292 3980 350 4045; x_wconf 93' lang='lat' dir='ltr'><strong>ille</strong></span> <span class='ocrx_word' id='word_1_268' title='bbox 365 3980 400 4045; x_wconf 91' lang='lat' dir='ltr'><strong>in</strong></span> <span class='ocrx_word' id='word_1_269' title='bbox 415 3980 606 4056; x_wconf 89' lang='lat' dir='ltr'><strong>Potenstat,</strong></span> <span class='ocrx_word' id='word_1_270' title='bbox 626 3978 681 4045; x_wconf 93' lang='lat' dir='ltr'><strong>ubi</strong></span> <span class='ocrx_word' id='word_1_271' title='bbox 698 3978 793 4060; x_wconf 84' lang='lat' dir='ltr'><strong>viget</strong></span> <span class='ocrx_word' id='word_1_272' title='bbox 812 3976 868 4059; x_wconf 90' lang='lat' dir='ltr'><strong>jus</strong></span> <span class='ocrx_word' id='word_1_273' title='bbox 892 3977 1163 4059; x_wconf 84' lang='lat' dir='ltr'><strong>Maydburgense</strong></span> <span class='ocrx_word' id='word_1_274' title='bbox 1186 3981 1221 4041; x_wconf 89' lang='lat' dir='ltr'><strong>ct</strong></span> <span class='ocrx_word' id='word_1_275' title='bbox 1244 3994 1310 4041; x_wconf 91' lang='lat' dir='ltr'><strong>non</strong></span> <span class='ocrx_word' id='word_1_276' title='bbox 1329 3977 1385 4060; x_wconf 87' lang='lat' dir='ltr'><strong>jus</strong></span> 
     </span>
     <span class='ocr_line' id='line_1_35' title="bbox 189 4080 1385 4168; baseline -0.005 -17"><span class='ocrx_word' id='word_1_277' title='bbox 189 4084 330 4152; x_wconf 88' lang='lat' dir='ltr'><strong>alterius</strong></span> <span class='ocrx_word' id='word_1_278' title='bbox 341 4083 407 4150; x_wconf 88' lang='lat' dir='ltr'><strong>loci</strong></span> <span class='ocrx_word' id='word_1_279' title='bbox 419 4082 688 4168; x_wconf 81' lang='lat' dir='ltr'><strong>(Oremsirense)‚</strong></span> <span class='ocrx_word' id='word_1_280' title='bbox 697 4081 813 4147; x_wconf 90' lang='lat' dir='ltr'><strong>venire</strong></span> <span class='ocrx_word' id='word_1_281' title='bbox 825 4080 977 4163; x_wconf 88' lang='lat' dir='ltr'><strong>nolucrit,</strong></span> <span class='ocrx_word' id='word_1_282' title='bbox 986 4080 1179 4162; x_wconf 88' lang='lat' dir='ltr'><strong>emptoriad</strong></span> <span class='ocrx_word' id='word_1_283' title='bbox 1188 4081 1385 4147; x_wconf 89' lang='lat' dir='ltr'><strong>solutionem</strong></span> 
     </span>
     <span class='ocr_line' id='line_1_36' title="bbox 188 4182 1383 4268; baseline -0.007 -12"><span class='ocrx_word' id='word_1_284' title='bbox 188 4189 314 4256; x_wconf 87' lang='lat' dir='ltr'><strong>valoris</strong></span> <span class='ocrx_word' id='word_1_285' title='bbox 326 4189 401 4268; x_wconf 88' lang='lat' dir='ltr'><strong>equi</strong></span> <span class='ocrx_word' id='word_1_286' title='bbox 415 4193 451 4253; x_wconf 89' lang='lat' dir='ltr'><strong>ct</strong></span> <span class='ocrx_word' id='word_1_287' title='bbox 462 4188 505 4252; x_wconf 88' lang='lat' dir='ltr'><strong>ad</strong></span> <span class='ocrx_word' id='word_1_288' title='bbox 518 4188 684 4263; x_wconf 81' lang='lat' dir='ltr'><strong>interesse</strong></span> <span class='ocrx_word' id='word_1_289' title='bbox 696 4183 944 4250; x_wconf 87' lang='lat' dir='ltr'><strong>rationabiliter</strong></span> <span class='ocrx_word' id='word_1_290' title='bbox 957 4182 1133 4267; x_wconf 82' lang='lat' dir='ltr'><strong>obligatur.</strong></span> <span class='ocrx_word' id='word_1_291' title='bbox 1147 4184 1193 4250; x_wconf 84' lang='lat' dir='ltr'><strong>Et</strong></span> <span class='ocrx_word' id='word_1_292' title='bbox 1205 4182 1383 4266; x_wconf 85' lang='lat' dir='ltr'><strong>colligitur,</strong></span> 
     </span>
     <span class='ocr_line' id='line_1_37' title="bbox 188 4286 1384 4373; baseline -0.009 -12"><span class='ocrx_word' id='word_1_293' title='bbox 188 4296 275 4373; x_wconf 90' lang='lat' dir='ltr'><strong>quod</strong></span> <span class='ocrx_word' id='word_1_294' title='bbox 298 4299 394 4360; x_wconf 91' lang='lat' dir='ltr'><strong>actor</strong></span> <span class='ocrx_word' id='word_1_295' title='bbox 417 4296 452 4358; x_wconf 87' lang='lat' dir='ltr'><strong>ct</strong></span> <span class='ocrx_word' id='word_1_296' title='bbox 474 4308 552 4356; x_wconf 89' lang='lat' dir='ltr'><strong>reus</strong></span> <span class='ocrx_word' id='word_1_297' title='bbox 576 4287 835 4355; x_wconf 88' lang='lat' dir='ltr'><strong>consuetudines</strong></span> <span class='ocrx_word' id='word_1_298' title='bbox 866 4291 901 4353; x_wconf 87' lang='lat' dir='ltr'><strong>at</strong></span> <span class='ocrx_word' id='word_1_299' title='bbox 927 4288 1004 4370; x_wconf 91' lang='lat' dir='ltr'><strong>jura</strong></span> <span class='ocrx_word' id='word_1_300' title='bbox 1029 4287 1184 4371; x_wconf 89' lang='lat' dir='ltr'><strong>locorum,</strong></span> <span class='ocrx_word' id='word_1_301' title='bbox 1207 4288 1241 4353; x_wconf 92' lang='lat' dir='ltr'><strong>in</strong></span> <span class='ocrx_word' id='word_1_302' title='bbox 1264 4286 1384 4368; x_wconf 89' lang='lat' dir='ltr'><strong>quibus</strong></span> 
     </span>
    </p>

    <p class='ocr_par' dir='ltr' id='par_1_8' title="bbox 1246 4407 1278 4459">
     <span class='ocr_line' id='line_1_38' title="bbox 1246 4407 1278 4459; baseline 0 -22"><span class='ocrx_word' id='word_1_303' title='bbox 1246 4407 1278 4459; x_wconf 78' lang='lat'><strong>5*</strong></span> 
     </span>
    </p>
   </div>
   <div class='ocr_carea' id='block_1_6' title="bbox 0 0 1642 5009">
    <p class='ocr_par' dir='ltr' id='par_1_9' title="bbox 0 0 1642 5009">
     <span class='ocr_line' id='line_1_39' title="bbox 0 0 1642 5009; baseline 0 3"><span class='ocrx_word' id='word_1_304' title='bbox 0 0 1642 5009; x_wconf 95' lang='lat' dir='ltr'><strong> </strong></span> 
     </span>
    </p>
   </div>
  </div>
 </body>
</html>
