3275 5009
718 333 886 388 Bruuensas.
1370 336 1409 389 29

309 544 339 609 9.
349 550 377 604 et
387 540 500 628 10.Dc
512 539 706 626 ollepatione
717 539 883 607 redactio
895 541 1063 625 legataria
1075 558 1133 608 seu
1146 544 1404 610 testamentaria

199 648 234 713 si
257 646 490 729 praemunitur
511 643 668 727 testibus,
691 663 773 727 quos
801 644 1012 729 allegaverat
1037 644 1092 712 vel
1119 646 1268 730 allegare
1296 648 1414 731 debet,

200 755 237 817 et
260 751 290 818 si
312 750 453 834 allegati
475 768 541 816 non
564 748 699 827 fuerint,
722 766 799 815 reus
822 747 1023 815 liberabitur
1044 744 1120 832 ipso
1141 750 1229 834 jnre:
1260 752 1410 819 Friczko

199 854 287 922 civis
310 854 505 939 Brunensis,
528 853 563 919 in
586 853 743 937 Wyssaw
773 851 923 936 veniens,
953 870 1015 934 per
1044 852 1249 921 Mikssonem
1279 854 1405 923 ibidem

200 964 403 1042 arrestatus,
427 961 500 1045 ejus
522 957 653 1039 recipit
667 955 905 1037 querimoniam
928 958 991 1022 sub
1013 956 1065 1023 bis
1087 959 1217 1026 verbis:
1243 959 1405 1042 „Domine

196 1064 312 1149 judex,
335 1064 479 1147 Uiritus,
503 1069 645 1146 patruus
667 1078 769 1136 meus,
791 1062 828 1127 iu
852 1060 1010 1127 extremis
1034 1060 1104 1127 suis
1127 1062 1207 1128 mihi
1231 1066 1267 1130 et
1290 1064 1408 1146 pueris

200 1168 285 1235 meis
310 1169 439 1253 legavit
461 1168 543 1236 XIV
568 1185 697 1233 marcas
721 1185 769 1251 gr.
793 1166 858 1248 Pr,
881 1164 916 1231 iu
939 1163 1058 1245 quibus
1083 1165 1169 1233 dixit
1197 1166 1261 1233 sibi
1291 1168 1407 1235 Fricz·

201 1274 324 1339 konem
347 1273 497 1356 legitime
520 1270 648 1352 teneri;
670 1288 730 1353 pro
753 1289 820 1352 qua
843 1268 986 1352 pecnnia
1008 1272 1086 1349 peto
1109 1269 1191 1336 milri
1209 1272 1251 1337 ab
1268 1289 1317 1355 eo,
1333 1271 1411 1340 sive

203 1375 426 1444 affirmaverit
459 1377 532 1444 sive
566 1374 755 1457 negaverit,
789 1374 831 1440 de
859 1371 995 1457 justitia
1025 1374 1225 1454 providerit
1259 1375 1408 1443 Friczko

203 1499 286 1547 vero
310 1480 486 1562 proposuit
508 1479 543 1545 in
567 1478 777 1562 praefatione
795 1476 899 1562 (vulg.
916 1476 1007 1541 dieta
1022 1476 1168 1563 vorred),
1191 1478 1268 1558 qnia
1291 1478 1409 1545 Ulrico

203 1584 240 1650 in
263 1602 371 1666 agone
394 1584 571 1649 laborante
594 1582 629 1648 in
652 1581 847 1664 praesentia
865 1578 999 1663 jndicis,
1023 1580 1211 1664 juratorum
1236 1586 1271 1647 et
1294 1583 1410 1649 uxoris

204 1706 285 1754 suae
309 1686 505 1770 publicavit,
539 1688 646 1768 „quod
678 1685 788 1752 omnia
818 1687 915 1768 bona,
944 1703 1031 1765 quae
1054 1684 1187 1753 Ulricus
1212 1686 1406 1771 dimitteret,

202 1795 319 1859 essent
342 1790 407 1857 sibi
429 1790 562 1876 pignori
585 1792 667 1857 data
690 1808 749 1872 pro
767 1789 852 1856 XIV
867 1788 988 1854 marcis
1004 1788 1168 1856 dictorum
1185 1792 1411 1876 denariorum,

203 1902 240 1962 et
263 1912 426 1977 supereo
450 1894 582 1977 signum
606 1891 843 1976 publicationis
880 1891 1090 1977 (vulgaribus
1119 1893 1231 1962 verbis
1264 1895 1407 1961 dicendo

202 2000 352 2081 urkund)
377 1999 518 2082 dederit,
541 1998 655 2065 Ulrico
679 2002 715 2064 et
738 2016 841 2064 uxore
861 1996 1149 2066 consentientibus
1164 1999 1354 2067 voluntarie
1371 2004 1408 2066 et

203 2123 268 2170 non
293 2102 632 2170 contradicentibus“.
654 2101 784 2169 Petivit
808 2121 898 2194 ergo,
922 2101 951 2169 si
970 2103 1074 2187 judex
1097 2107 1133 2169 et
1157 2104 1259 2189 jurati
1285 2107 1326 2171 de
1343 2105 1412 2169 hoc

201 2212 421 2290 testarentur,
429 2213 541 2273 utrum
553 2225 619 2274 non
628 2208 776 2291 deberet,
786 2211 942 2273 cessante
955 2207 1404 2291 responsione,aMikssonis

203 2311 370 2377 instantia
403 2315 571 2390 tamquam
598 2310 788 2393 temeraria,
816 2309 997 2393 praecipua
1025 2329 1098 2377 cum
1125 2312 1214 2379 actio
1237 2313 1406 2396 legataria

203 2434 264 2481 seu
287 2412 545 2481 testamentaria
568 2432 700 2497 semper
723 2412 880 2481 innititur
903 2414 1059 2499 testibus,
1084 2434 1166 2496 quos
1189 2416 1317 2483 Miksso
1341 2435 1408 2485 nou
1470 2412 1472 2419 '

204 2520 424 2603 allegaverat,
446 2517 610 2585 liberari?

310 2648 446 2731 Super
469 2668 544 2729 quo
569 2647 808 2715 diffinitum
831 2647 917 2714 fuit
940 2668 999 2731 pro
1022 2648 1408 2733 Friczlrone,quodnon
1484 2682 1487 2687 Α

206 2758 381 2819 teneretur
418 2752 600 2818 Mikssonis
646 2752 873 2834 querimoniae
920 2754 1133 2836 respondere,
1178 2753 1309 2820 intento
1347 2772 1412 2821 suo·

206 2860 358 2939 probato,
380 2860 418 2921 ut
441 2858 659 2939 probaturum
690 2875 728 2923 se
751 2856 964 2940 obligaverit,
993 2856 1055 2923 hoc
1087 2860 1149 2940 est,
1179 2876 1252 2923 cum
1282 2857 1407 2924 dixerit

207 2960 331 3027 actori:
366 2959 423 3043 „Si
448 2961 552 3045 judex
583 2965 619 3026 et
645 2960 753 3045 jurati
783 2961 824 3028 de
854 2960 918 3027 hoc
948 2964 1166 3041 testarentur,
1199 2964 1310 3027 utrum
1340 2978 1409 3027 non

207 3067 339 3148 debeat,
374 3069 528 3132 cessante
556 3064 783 3147 responsione,
812 3065 854 3130 ab
886 3063 1012 3131 actoris
1043 3064 1207 3132 instantia
1236 3071 1407 3149 tamquam

206 3168 396 3251 temeraria,
439 3168 620 3252 praecipue
666 3186 739 3234 cum
784 3167 873 3235 actio
918 3168 1085 3251 legataria
1131 3187 1189 3237 seu
1226 3174 1407 3237 testamen-

207 3272 297 3339 taria
319 3291 452 3355 semper
481 3273 646 3341 innitatur
675 3271 832 3356 testibus,
862 3290 943 3352 quos
977 3290 1043 3338 non
1079 3272 1296 3357 allegaverat,
1331 3291 1409 3339 esse

209 3378 382 3445 absolutus
391 3375 427 3441 ?“

313 3568 365 3633 11.
395 3565 535 3639 Quidam
558 3576 605 3630 cat
627 3575 719 3629 actor
738 3566 943 3653 principalis
966 3577 997 3633 et
1018 3567 1151 3651 quidam
1182 3568 1407 3650 secundarius,

210 3674 294 3737 sicat
308 3672 417 3757 jadex
439 3693 535 3757 aquas
560 3692 624 3755 pro
646 3673 796 3738 emendis.
829 3670 970 3755 Quidam
1000 3675 1054 3739 est
1080 3675 1176 3739 attor
1200 3670 1412 3756 principalia,

212 3777 268 3859 qui
290 3776 363 3861 agit
385 3793 487 3859 snper
508 3794 546 3843 re
569 3775 712 3860 propria,
742 3776 778 3842 in
807 3794 874 3859 qua
903 3794 980 3843 rens
1011 3774 1076 3841 sibi
1106 3780 1243 3843 tenetur
1272 3793 1408 3859 respon·

212 3884 300 3948 dere.
323 3880 371 3946 Et
392 3880 472 3946 talis
495 3880 583 3947 actio
605 3880 716 3948 stricti
732 3880 817 3965 Juris
834 3886 897 3966 est,
914 3880 972 3963 ita,
987 3881 1075 3963 quod
1091 3879 1258 3963 neglectio
1274 3879 1411 3946 termini

212 4002 268 4051 reo
286 3970 511 4069 praejudicat.
534 3984 632 4051 Alius
649 3990 761 4051 autem
778 3990 875 4051 actor
890 3989 943 4052 est
959 3984 1189 4070 secundarius,
1204 3984 1293 4052 sicut
1305 3983 1415 4066 iudex.

212 4106 316 4173 agens
341 4107 401 4171 pro
424 4089 573 4156 emendis
596 4090 651 4156 vel
673 4089 801 4156 luorum
826 4094 955 4156 tantum
983 4107 1150 4170 quaerens
1172 4107 1214 4155 ex
1235 4087 1336 4155 officii
1359 4086 1411 4154 sui

214 4193 335 4276 debito,
358 4193 502 4273 aliquem
524 4192 558 4260 in
582 4210 716 4260 causam
738 4194 886 4261 trahens.
918 4192 965 4259 Et
987 4194 1066 4261 talis
1089 4193 1178 4261 actio
1202 4197 1256 4261 est
1279 4190 1412 4259 remissi

211 4298 303 4381 juris.
326 4296 423 4363 Unde
447 4297 526 4364 talis
549 4316 635 4374 reus,
658 4296 760 4363 etiam
784 4298 814 4363 si
838 4297 952 4379 plures
975 4298 1048 4364 dies
1071 4302 1149 4379 post
1161 4296 1321 4382 judicium
1339 4312 1416 4361 cnm
