3275 5009
1237 346 1242 349 “
1322 369 1660 422 Brunenses.
2626 369 2693 420 79

292 581 371 645 ab
434 578 802 660 hujusmodi
869 575 1300 659 fideiussione
1362 576 1431 642 in
1496 576 1774 642 solidum
1835 575 2250 642 teneantur?
2320 577 2449 644 Ille
2511 595 2692 660 vero,

293 701 481 765 quem
527 680 681 747 aliis
726 681 966 747 solutis
1013 681 1295 762 impetit,
1329 699 1447 761 pro
1469 697 1555 747 ,se
1586 679 1984 745 senteutiari
2019 681 2315 758 quaerit:
2352 682 2508 748 Cum
2545 680 2689 762 ipse

291 786 675 853 mettertius
736 803 882 851 eum
946 783 1299 851 absolvere
1364 788 1436 849 et
1497 803 1627 849 non
1688 783 1761 848 in
1821 783 2098 849 solidum
2155 783 2484 851 redimere
2541 803 2684 866 pro·

290 891 567 973 miserit,
578 895 797 955 utrum
826 908 948 971 per
970 889 1240 954 tertiam
1268 893 1526 970 partem
1553 887 1764 953 debiti
1789 905 1919 952 non
1946 889 2191 954 debeat
2216 908 2256 954 a
2280 889 2688 976 fidejussoris

291 995 703 1077 impetitione
750 992 1249 1060 rationabiliter
1294 990 1618 1060 liberari?

497 1098 825 1183 Quibus
902 1096 1540 1164 sententiatum
1614 1096 1786 1163 fuit
1861 1095 2017 1162 sic:
2107 1096 2266 1162 Cum
2341 1096 2692 1180 fidejussor

291 1203 434 1285 fide,
496 1221 693 1282 quam
755 1220 875 1284 pro
940 1201 1072 1267 alio
1134 1199 1522 1282 interponit,
1569 1199 1761 1264 abuti
1828 1217 1958 1265 non
2004 1203 2267 1284 debeat,
2319 1205 2463 1266 tres
2511 1200 2689 1266 debi-

291 1313 467 1373 tores
540 1306 950 1390 principales
1022 1307 1269 1373 debent
1341 1311 1647 1384 quartum
1710 1321 1936 1369 eorum
1997 1303 2471 1388 fidejussorem,
2534 1307 2688 1370 dato

292 1412 510 1496 etiam,
543 1413 719 1491 quod
751 1410 824 1476 in
855 1411 1177 1491 promisso
1209 1407 1658 1493 fidejussionis
1694 1407 2081 1474 nominatim
2131 1409 2255 1474 hoc
2303 1426 2688 1490 expressum

290 1533 415 1581 non
481 1513 696 1580 fuerit
774 1515 879 1594 „in
942 1514 1288 1592 solidum“‚
1356 1511 1714 1594 redimere;
1782 1511 1958 1576 sicut
2025 1512 2190 1593 ipse·
2236 1512 2690 1596 fidejussorem

290 1638 358 1686 se
402 1618 766 1686 constituit
811 1619 881 1684 in
928 1617 1211 1684 solidum
1260 1637 1379 1698 pro
1426 1617 1712 1696 eisdem3
1766 1617 1942 1680 unde
1987 1617 2122 1696 ille,
2167 1635 2354 1697 quem
2404 1616 2686 1698 impetit,

292 1743 328 1790 a
374 1729 521 1790 toto
570 1725 789 1806 ipsum
846 1723 1196 1788 absolvere
1261 1726 1538 1788 tenetur
1598 1721 1844 1798 debito,
1897 1721 2168 1804 justitia
2212 1722 2566 1815 mediante.
2609 1719 2691 1786 In

289 1827 406 1894 hoc
453 1828 650 1911 enim,
698 1829 871 1907 quod
916 1826 1272 1911 fidejussor
1317 1825 1386 1892 in
1432 1825 1714 1891 solidum
1762 1843 1881 1906 pro
1928 1825 2343 1894 debitoribus
2385 1823 2687 1906 promisit

291 1933 625 2016 creditori,
672 1931 1091 1998 sufficienter
1134 1929 1540 2012 intelligitur
1585 1935 1655 1996 et
1702 1929 2103 2013 implicatur,
2135 1932 2306 2008 quod
2341 1927 2686 1995 debitores

290 2038 370 2102 ad
412 2037 865 2103 redimendum
914 2035 1129 2116 ipsum
1176 2035 1306 2102 sibi
1353 2034 1733 2112 obligantur
1779 2033 2086 2100 similiter
2124 2034 2190 2099 in
2226 2033 2502 2099 solidum
2537 2032 2685 2097 vice

288 2158 515 2222 versa3
584 2159 794 2220 quare
828 2139 1167 2222 ‘allegatio
1237 2137 1420 2205 facta
1489 2143 1723 2205 contra
1789 2156 1953 2221 eum,
2025 2138 2180 2217 quia
2247 2137 2546 2204 fraudem
2615 2146 2685 2204 et

289 2245 519 2325 dolum,
568 2262 741 2325 quae
777 2243 940 2310 nulli
972 2244 1384 2326 patrocinari
1413 2245 1686 2326 debent,
1717 2242 2123 2325 praetendit,
2153 2241 2401 2309 nullius
2433 2242 2684 2308 valoris

286 2353 352 2413 et
417 2349 761 2417 firmitatis
830 2347 1097 2430 penitus
1166 2352 1273 2414 est
1341 2350 1696 2413 censenda.
1759 2347 2048 2428 Insuper
2109 2365 2258 2413 cum
2318 2345 2480 2411 dicti
2540 2351 2682 2412 tres

291 2452 626 2519 debitores
683 2453 755 2518 in
815 2453 1135 2518 solvendo
1199 2451 1478 2536 obligati
1538 2450 1793 2517 fuerint
1860 2450 1928 2516 in
1996 2449 2274 2517 solidum
2347 2451 2684 2534 creditori,

290 2557 561 2622 multum
610 2561 794 2623 esset
839 2555 1338 2638 inconveniens,
1403 2556 1459 2620 si
1521 2573 1653 2621 non
1712 2560 2108 2621 tenerentur
2168 2555 2237 2621 in
2297 2554 2677 2633 redimendo

290 2658 591 2726 similiter
638 2661 707 2727 in
754 2660 1033 2726 solidum
1079 2659 1473 2742 fidejussori.

418 2808 421 2811 -
493 2764 720 2850 (Circa
781 2764 1128 2830 materiam
1176 2764 1375 2828 istam
1435 2763 1688 2828 diversi
1736 2781 1932 2829 casus
1979 2770 2358 2844 occurrunt,
2407 2780 2680 2842 quorum

292 2867 720 2937 diffinitiones
786 2885 1071 2947 quaeras
1131 2865 1410 2932 inferius
1481 2853 1605 2932 sub
1653 2867 1872 2932 titulis
1926 2867 2094 2951 „Qui
2139 2870 2223 2934 ad
2295 2872 2679 2931 contractus

292 2972 687 3055 multiplices
737 2969 1256 3054 requiruntur.“)

708 3161 1197 3243 Capitulum
1242 3159 1450 3226 XIH:
1520 3161 1637 3228 De
1687 3161 2264 3228 commodatis

487 3292 639 3354 133.
694 3291 793 3355 Dc
840 3293 1253 3374 commodam,
1302 3299 1365 3353 et
1396 3290 1621 3374 primo
1683 3291 1760 3355 de
1806 3291 2314 3354 concessionibus
2361 3307 2682 3376 equorum,

292 3395 573 3476 vestium,
620 3405 683 3460 ct
721 3416 936 3458 rerum
966 3393 1300 3458 mobilium
1333 3396 1401 3458 in
1428 3418 1673 3480 yenere.
1711 3395 2202 3464 Commodatum
2233 3401 2356 3480 est,
2395 3397 2676 3482 alicujus

292 3497 385 3562 rei
423 3501 509 3566 ad
555 3500 841 3579 aliquem
885 3500 1244 3581 specialem
1291 3518 1478 3567 usum
1525 3502 1822 3584 gratuito
1857 3501 2040 3568 facta
2073 3502 2412 3568 concessio
2447 3507 2514 3566 et
2547 3518 2677 3566 non

294 3604 658 3670 translatio.
692 3603 785 3669 Et
817 3604 1062 3670 dicitur
1093 3604 1447 3688 signanter
1488 3606 1908 3688 „concessio“
1951 3611 2019 3671 et
2052 3625 2184 3671 non
2222 3605 2678 3686 „translatio“,

296 3705 438 3788 quia
480 3707 558 3791 is„
606 3707 717 3787 qui
764 3710 1155 3790 commodat,
1200 3709 1557 3774 dominium
1605 3711 1859 3776 retinet
1919 3718 1989 3775 et
2045 3709 2530 3792 possessionem
2575 3709 2675 3774 rei

298 3813 769 3894 commodatae;
816 3818 886 3878 et
932 3812 1179 3879 dicitur
1214 3815 1794 3898 „commodatum“,
1827 3814 2015 3893 quasi
2051 3816 2384 3880 commodo
2423 3814 2675 3879 utentis

298 3912 547 3998 datum3
618 3920 690 3982 et
740 3916 890 3981 ideo
937 3916 1141 3981 etiam
1192 3916 1440 3982 dicitur
1490 3919 1890 4003 „gratuito“,
1939 3918 2111 4000 quia,
2159 3917 2216 3982 si
2261 3917 2677 3983 interveniat

297 4032 556 4101 merceS‚
604 4021 853 4086 transit
900 4019 969 4085 in
1011 4020 1409 4086 locationem
1455 4025 1564 4089 vel
1610 4022 1680 4087 iu
1728 4030 2143 4089 contractum
2175 4023 2676 4088 innominatum.

299 4117 446 4187 Ideo
496 4123 697 4190 etiam
743 4122 989 4189 dicitur
1039 4126 1163 4205 „ad
1208 4125 1492 4204 aliquem
1541 4129 1792 4209 usum“,
1841 4134 1918 4192 ut
1966 4132 2234 4192 notetur
2296 4125 2675 4192 differentia

300 4221 464 4290 inter
494 4227 867 4309 depositum
899 4233 972 4293 et
1002 4232 1515 4312 commodatum3
1547 4232 1924 4312 depositum
1957 4231 2131 4296 enim
2163 4232 2249 4295 ad
2274 4231 2674 4297 servandum

305 4325 489 4393 datur
532 4330 674 4396 sine
720 4348 864 4414 usu,
910 4349 992 4398 ex
1041 4334 1213 4398 bona
1277 4334 1437 4411 fide3
1499 4336 1674 4401 unde
1739 4341 1809 4400 et
1864 4335 2094 4400 statim
2149 4336 2366 4415 repeti
2414 4337 2678 4416 potest3
