3275 5009
267 335 318 385 112
782 334 946 388 Sententiae

267 559 308 607 111
332 560 397 621 qua
420 544 501 608 duos
525 560 645 623 pueros
669 544 1023 633 generavitptandem
1047 543 1166 609 marito
1190 548 1320 609 mortuo
1343 545 1459 610 mulier

267 647 383 712 eadem
407 647 449 713 de
472 646 553 714 villa
575 649 716 727 quadam
740 649 842 713 alium
864 645 972 711 virum
996 647 1101 727 duxit,
1124 648 1180 726 qui
1203 646 1312 712 dictos
1332 666 1460 729 pueros,

266 750 355 815 datis
389 751 439 816 eis
473 768 532 831 pro
568 756 665 832 parte
699 769 760 816 sua
794 753 992 832 quibusdam
1030 751 1132 837 agris,
1167 770 1187 817 a
1220 769 1256 817 se
1291 751 1461 836 alienavit,

265 855 394 920 domum
419 862 538 932 autem,
561 873 646 934 quac
670 857 777 937 patris
800 875 976 938 puerorum
999 855 1204 937 praemortui
1219 855 1334 920 mariti
1348 856 1461 925 uxoris

266 975 348 1023 suae
364 957 485 1042 iuerat,
501 962 660 1042 vendens,
676 978 743 1026 una
759 980 833 1027 cum
848 977 951 1026 uxore
967 979 986 1025 a
1003 960 1143 1026 civitate
1159 965 1276 1026 nostra
1291 959 1463 1042 invidam,

264 1064 352 1129 unde
375 1068 525 1145 venerat,
559 1067 602 1130 ad
633 1063 820 1131 faciendum
855 1065 977 1130 ibidem
1011 1063 1229 1129 residentiam
1263 1081 1300 1129 se
1323 1063 1464 1144 recepit.

264 1167 362 1232 Modo
386 1167 481 1248 pueri
504 1167 578 1249 ipsi,
602 1169 679 1248 quia
702 1175 809 1235 mater
832 1188 944 1238 eorum
967 1166 1127 1250 migravit
1150 1186 1170 1231 1
1192 1167 1337 1250 1111111,
1359 1167 1466 1251 impe·

264 1275 376 1336 tentes
409 1274 537 1336 domum
560 1290 622 1354 per
643 1272 801 1338 vitricum
825 1293 938 1340 eorum
961 1273 1142 1353 venditam,
1175 1290 1287 1337 coram
1309 1271 1406 1337 uobis
1430 1273 1465 1338 in

260 1373 386 1456 jndicio
399 1393 492 1442 suam
501 1382 745 1457 proposuerunt
756 1378 995 1459 querimoniam
1007 1378 1068 1443 sub
1080 1376 1145 1441 hiis
1160 1373 1287 1441 verbis:
1302 1375 1465 1458 „Domine

260 1479 836 1563 1111111111111111111111111111
870 1487 995 1563 nostro,
1029 1482 1117 1561 quod
1151 1480 1223 1559 ipse
1257 1481 1388 1545 domum
1423 1498 1466 1544 111

263 1583 378 1648 labore
401 1583 509 1663 patris
532 1583 640 1648 nostri
663 1591 888 1667 comparatam
922 1590 957 1650 et
990 1587 1034 1650 ad
1067 1602 1142 1649 nos
1157 1583 1235 1665 J'ure
1257 1582 1465 1649 hereditario

264 1687 496 1770 pertinentem,
519 1705 582 1753 nec
605 1688 670 1754 sibi
693 1707 753 1768 per
775 1707 836 1754 nos
860 1708 971 1754 coram
990 1689 1117 1771 jndicio
1142 1689 1358 1772 resignatam,
1388 1687 1464 1752 sine

263 1798 378 1857 nostro
402 1791 490 1857 scitu
506 1797 541 1858 et
556 1791 732 1858 voluntate
748 1795 792 1858 ad
808 1812 926 1859 manus
942 1793 1097 1860 vendidit
1112 1794 1251 1876 11111111,
1267 1798 1302 1858 11
1318 1791 1465 1873 petimus

263 1896 357 1962 uobis
376 1895 593 1979 justitialiter
615 1897 753 1962 dictari:
778 1897 859 1963 Oum
882 1898 917 1962 in
940 1902 1055 1964 111111
1075 1897 1219 1982 juvenili
1241 1898 1401 1964 fuerimus
1429 1885 1467 1960 11

262 2002 306 2066 ad
329 2001 575 2066 reclamandum
598 2002 710 2067 dictae
735 2003 850 2068 domus
874 2003 1099 2070 venditionem
1121 2021 1227 2069 annos
1246 2000 1464 2068 discretionis

262 2123 328 2172 non
350 2103 572 2188 habuerimus
596 2105 685 2171 sicut
707 2124 769 2171 nec
792 2108 900 2172 adhuc
921 2107 1090 2190 habemus,
1113 2126 1187 2172 cum
1210 2125 1294 2172 uuus
1310 2110 1467 2173 nostrum

263 2210 308 2276 sit
330 2211 365 2275 in
388 2228 474 2275 anno
497 2210 550 2276 IX
573 2216 609 2276 et
631 2211 719 2278 alter
740 2212 775 2276 in
798 2211 848 2278 VI
870 2217 906 2277 11
927 2216 1036 2277 mater
1057 2219 1175 2278 nostra
1187 2212 1256 2295 jam
1279 2215 1411 2275 mortua
1427 2209 1466 2273 in

264 2317 393 2381 domum
418 2317 558 2380 eandem
581 2316 622 2380 de
645 2315 735 2392 villa,
752 2333 826 2380 cum
842 2334 971 2397 pauper
983 2320 1083 2392 esset,
1095 2321 1299 2398 perpetrem
1311 2316 1466 2381 nostrum

261 2419 297 2484 in
321 2436 456 2484 uxorem
479 2423 616 2498 recepta
645 2418 748 2485 fuerit
779 2427 813 2484 11
848 2421 966 2501 ducta,
999 2438 1085 2500 quae
1117 2420 1147 2486 si
1177 2421 1286 2485 adbuc
1309 2417 1467 2497 vixisset,

262 2523 492 2602 tacuissemus,
516 2540 578 2588 uec
599 2525 714 2588 domus
730 2523 956 2590 venditionem
973 2526 1258 2606 reclamassemus,
1273 2525 1466 2605 sperantes,

262 2628 349 2709 quod
371 2626 436 2692 fide
462 2627 637 2692 maternali
660 2645 720 2693 nos
744 2629 969 2709 respexisset:
992 2634 1102 2697 utrum
1121 2630 1213 2695 dieta
1228 2624 1379 2694 venditio
1395 2642 1468 2690 non

263 2734 385 2798 debeat
408 2733 623 2798 retrocedere
639 2735 674 2797 11
688 2732 762 2813 ipsa
773 2735 888 2798 domus
900 2736 942 2799 ad
956 2753 1026 2817 nos,
1038 2736 1126 2800 sicut
1138 2737 1182 2800 ad
1194 2751 1293 2800 veros
1309 2730 1467 2804 heredes

260 2833 416 2901 redire?“
431 2835 484 2899 Ad
496 2853 595 2914 quam
610 2836 849 2915 querimoniam
865 2837 1006 2904 vitricus
1024 2839 1072 2904 sic
1087 2839 1277 2920 respondit:
1298 2832 1463 2918 ,Domine

257 2939 370 3021 jnderr,
392 2938 503 3005 111111
525 2957 576 3004 me
599 2939 722 3006 dictam
747 2944 875 3007 domum
901 2942 1100 3019 vendidisse,
1124 2942 1201 3022 quia
1217 2941 1292 3022 ipsa
1308 2937 1387 3004 mihi
1400 2956 1467 3020 per

262 3062 398 3110 uxorem
420 3062 535 3125 meam,
553 3043 623 3124 jam
645 3053 817 3127 mortuam,
842 3046 898 3111 cui
920 3046 985 3111 XV
1008 3065 1139 3112 marcas
1173 3043 1299 3122 dotavi,
1328 3042 1467 3124 nomine

261 3147 408 3214 dotalitii
430 3147 495 3213 fuit
517 3148 692 3232 assignata
717 3155 751 3214 11
775 3152 900 3230 dotata,
933 3152 1021 3230 quod
1054 3151 1198 3232 probare
1224 3150 1301 3215 volo
1322 3166 1386 3230 per
1407 3152 1467 3211 111

261 3253 416 3318 scabinos
441 3256 475 3317 11
495 3252 636 3334 juratos,
659 3256 746 3333 quod
770 3256 886 3338 adjus
910 3273 1017 3320 meum
1040 3255 1165 3320 habere
1189 3256 1304 3336 debeo,
1327 3257 1363 3319 11
1382 3256 1466 3332 peto

261 3376 320 3439 pro
344 3375 394 3422 me
418 3354 638 3421 senteutiari:
663 3358 783 3424 Utrum
806 3360 849 3422 ad
872 3360 972 3425 talem
996 3358 1225 3440 probationem
1241 3375 1308 3422 nou
1322 3359 1467 3422 debeam

262 3459 404 3542 admitti,
428 3477 501 3524 eum
524 3459 596 3525 sine
620 3450 854 3542 impedimento
877 3460 969 3527 facta
992 3462 1188 3528 venditione
1203 3462 1245 3528 de
1261 3462 1402 3527 civitate
1417 3462 1467 3525 ad

261 3565 375 3632 villam
399 3562 568 3645 exiverim,
592 3582 653 3629 nec
676 3583 737 3645 per
760 3567 868 3632 dictos
892 3566 1065 3650 privignos
1088 3584 1179 3633 meos
1213 3566 1326 3647 aliqua
1358 3563 1466 3631 fuerit

262 3669 414 3750 quaestio
440 3667 521 3733 mihi
543 3671 660 3733 mota.“
1277 3747 1280 3757 1

366 3772 1465 3856 Superquocasusicsententiatumfuit:Sivitricus

261 3896 438 3961 puerorum
463 3876 706 3942 demonstrabit
730 3895 789 3958 per
807 3878 949 3961 juratos,
967 3877 1056 3944 sicut
1078 3897 1116 3943 se
1140 3881 1355 3960 probaturum
1377 3876 1464 3943 obli·

262 3984 365 4066 gavit,
397 3983 482 4060 quod
514 3983 629 4046 domus
660 3999 720 4063 per
750 4000 886 4047 uxorem
916 3991 970 4048 est
1000 3982 1066 4048 sibi
1095 4002 1156 4064 pro
1186 3981 1339 4048 dotalitio
1370 3984 1463 4065 data,

261 4087 333 4168 ipse
357 4090 481 4152 utetur.

366 4226 438 4291 204.
461 4224 560 4288 Dotis
583 4223 702 4287 solutio
726 4236 774 4288 est
795 4231 920 4288 11111111
935 4224 1213 4308 uoeorifuco'eada.
1235 4226 1276 4291 In
1290 4226 1462 4293 Chremsir
1545 4269 1548 4278 ,

262 4331 384 4396 Petrus
407 4329 474 4395 filio
499 4349 556 4397 suo
581 4331 752 4412 Stephano
774 4329 918 4412 puellam
934 4330 1185 4414 Margaret-ham
1201 4331 1342 4412 nomine,
1357 4329 1460 4398 filiam
