3275 5009
682 326 853 382 Bruneuses.
1320 330 1372 384 145

155 535 306 618 inducit,
331 539 534 603 nontamen
556 531 860 618 praescriptionem
881 533 1066 620 tonitrui
1091 534 1208 603 citatio
1222 535 1374 622 legitima

160 639 280 721 partis
304 641 469 706 aduemae
492 645 528 706 et
550 643 647 708 actos
666 638 838 723 judicialis
870 657 962 707 more
992 639 1107 709 debito
1137 642 1372 724 subsequatur.

273 741 371 810 canti
395 761 470 808 esso
493 745 618 811 debent
639 742 777 827 iudices,
798 743 886 824 quod
908 760 983 810 cum
1000 743 1173 827 ,urkund“
1191 744 1371 831 recipiunt,
1497 750 1499 756 ’

156 846 256 929 parti
280 845 411 914 dicant:
438 847 699 930 ,adversarium
731 851 827 913 tuum
859 846 928 914 cita
959 853 994 915 ot
1025 848 1062 916 iu
1096 866 1230 916 causam
1259 850 1369 928 trahe,

156 955 351 1032 antequam
376 951 600 1035 praescriptio
623 951 675 1036 jus
697 957 790 1017 tuum
814 949 1019 1035 expugnat!

274 1107 349 1173 331.
365 1104 516 1178 Qualiter
527 1107 610 1171 bona
621 1107 824 1174 hereditario
840 1109 1072 1173 interlocuti&
1087 1118 1165 1171 aaut
1180 1107 1368 1175 dividendo.

158 1210 353 1278 Fratribus
376 1210 485 1279 tribus
507 1211 623 1296 legata
645 1216 724 1279 sunt
747 1212 844 1297 bona,
867 1231 929 1296 per
950 1216 1081 1296 patrem
1103 1231 1215 1282 eorum
1241 1212 1373 1297 relicta,

156 1314 259 1382 inter
291 1333 349 1382 eos
380 1316 569 1396 aequaliter
602 1315 791 1383 dividenda.
825 1316 946 1384 Senior
977 1315 1095 1400 frater,
1128 1335 1166 1384 so
1200 1319 1242 1384 <le
1274 1319 1373 1386 bonis

157 1419 360 1505 hujusmodi
393 1419 630 1497 intromittens,
665 1421 824 1488 mediocri
857 1421 957 1488 fratri
990 1439 1051 1488 suo
1076 1427 1206 1504 partem
1229 1422 1373 1491 mediam

159 1542 286 1591 eorum
310 1523 417 1606 denia
438 1524 552 1608 junior
581 1530 702 1607 autem,
734 1527 776 1591 ad
807 1532 925 1608 partes
953 1531 1100 1593 remotas
1131 1527 1374 1611 declinauerat

157 1647 238 1694 cum
250 1632 412 1710 postocto
422 1635 687 1710 annostempore
699 1630 914 1711 pestilentiae
926 1629 1372 1715 reversusluissetfratrem

158 1731 344 1816 seniorem,
367 1733 424 1814 qui
447 1751 584 1800 uxorem
607 1739 643 1800 et
664 1752 786 1816 pueros
809 1735 1003 1819 reliquerat,
1032 1734 1233 1803 intestatum
1257 1737 1372 1802 ‹locos-

161 1837 259 1904 sisse
282 1835 470 1920 inveniens,
498 1837 621 1920 petivit
643 1857 663 1905 a
685 1837 793 1908 fratre
822 1839 982 1909 mediocri
1011 1842 1142 1923 portem
1171 1857 1276 1908 suam.
1305 1837 1374 1923 Qui

162 1939 358 2022 respondit,
383 1942 470 2020 quod
494 1947 634 2023 paratus
658 1947 750 2008 esset
765 1960 878 2008 seeum
894 1943 1046 2011 dividere
1063 1962 1113 2026 aa,
1128 1961 1215 2025 quae
1229 1943 1375 2011 haberet

156 2046 261 2128 justo
292 2045 397 2110 modo.
428 2045 460 2109 Α
484 2046 684 2112 cousobrina
707 2063 778 2130 sua,
801 2065 847 2114 so.
877 2048 920 2114 ab
942 2065 1048 2114 uxore
1069 2047 1187 2115 fratris
1210 2047 1263 2114 sui
1284 2046 1371 2114 seni·

161 2148 246 2232 oris,
273 2165 347 2237 oum
370 2148 526 2216 similiter
547 2149 732 2232 portionem
756 2169 850 2217 suam
872 2156 1056 2234 repeteret,
1077 2150 1260 2234 respondit,
1283 2152 1372 2234 quod

165 2251 259 2319 nihil
283 2254 324 2318 de
347 2271 408 2319 suo
427 2253 580 2330 haberet,
607 2253 672 2320 nisi
694 2254 781 2320 bona
796 2273 859 2336 per
873 2256 1028 2322 maritum
1044 2274 1139 2322 suum
1155 2255 1220 2323 sibi
1234 2254 1374 2322 dimissa

164 2376 245 2425 cum
264 2355 337 2440 eJus
354 2358 468 2440 pueris
484 2358 688 2441 possiderem
704 2364 824 2441 petens
840 2355 979 2441 insuper
993 2378 1052 2442 pro
1068 2376 1106 2426 se
1121 2358 1375 2426 sententialiter

162 2461 325 2545 inveniri,
349 2481 422 2530 cum
445 2467 481 2528 et
495 2462 637 2528 maritus
653 2462 760 2544 ipsius
776 2464 902 2545 etipsa
917 2481 992 2530 oum
1007 2463 1121 2546 pueris
1135 2463 1205 2530 suis
1221 2463 1374 2546 pluribus

163 2565 270 2634 annis
293 2565 366 2632 sine
389 2565 600 2648 impetitione
630 2567 713 2634 talia
744 2569 831 2634 bona
861 2568 1061 2653 tenuissent,
1090 2572 1203 2635 utrum
1233 2569 1282 2650 eis
1311 2586 1375 2652 par

162 2671 317 2752 aliquem
333 2675 472 2753 possent
487 2670 680 2738 decertari?
697 2671 751 2739 Et
766 2689 1020 2754 responsum
1042 2677 1123 2741 est:
1140 2671 1236 2755 Quod
1250 2673 1373 2755 petitio

162 2775 251 2843 talis
282 2774 425 2842 relictae
457 2778 491 2842 et
513 2794 691 2857 puerorum
725 2793 792 2844 uon
824 2780 879 2842 est
909 2776 1126 2859 admittenda,
1158 2778 1219 2842 sed
1246 2774 1372 2860 jnniori

161 2880 236 2946 lilio
262 2880 365 2945 debet
387 2898 466 2961 pars
489 2897 551 2947 sua
574 2881 678 2947 tertia
700 2883 742 2947 ab
766 2880 921 2960 utrisque
943 2881 1098 2963 partibus
1120 2879 1297 2963 assignari.
1324 2879 1374 2944 Et

165 2985 217 3050 sic
243 2983 365 3050 relicta
388 3002 489 3066 super
512 2991 611 3066 parte
638 2987 742 3052 tertia
772 2985 890 3052 fratris
919 2985 1062 3052 senioris
1093 3002 1234 3054 unacum
1258 2984 1373 3066 pueris

165 3091 240 3156 suis
280 3087 580 3171 praescripserunt,
621 3089 721 3155 fratri
758 3106 839 3156 vero
874 3089 996 3173 juniori
1035 3106 1136 3171 super
1172 3093 1269 3171 parte
1310 3106 1373 3154 sua

166 3193 250 3260 talis
285 3191 515 3276 praescriptio,
545 3193 575 3258 si
605 3197 718 3261 tamen
752 3193 843 3260 aliud
863 3192 939 3280 lnon
969 3195 1091 3276 obstat,
1122 3193 1247 3259 nullum
1277 3209 1372 3274 prae·

161 3295 329 3381 judicium
353 3297 539 3379 generavit.

277 3455 350 3519 332.
385 3455 437 3518 Dc
468 3454 557 3538 louqi
586 3457 740 3538 temporie
769 3455 1041 3538 praescriptione.
1079 3453 1162 3519 Vias
1191 3453 1302 3535 justas
1335 3459 1374 3516 et

169 3557 361 3639 antiquitus
384 3557 540 3637 usitatas,
563 3563 689 3625 stratas
713 3558 836 3642 regias,
859 3558 1007 3640 semitas,
1028 3558 1169 3640 plateas,
1184 3555 1373 3621 interstitia

170 3663 340 3728 domorum
374 3683 434 3746 pro
457 3681 618 3745 aquarum
646 3663 777 3729 defluxu
805 3661 907 3746 iacta,
935 3661 1093 3744 planities
1122 3667 1159 3726 et
1189 3659 1373 3740 territoria,

169 3769 319 3850 lapidum
337 3767 530 3852 fractiones,
545 3786 720 3834 arenarum
742 3775 777 3832 et
793 3766 986 3851 argillarum
1001 3764 1164 3832 fossiones
1181 3769 1217 3830 et
1231 3763 1372 3844 quaevis

170 3873 237 3939 alia
260 3879 375 3938 terrae
399 3872 519 3955 spatia,
548 3879 707 3952 quantum
735 3873 779 3938 ad
801 3871 936 3947 villana,
959 3874 1149 3950 campestra
1171 3871 1207 3932 et
1229 3867 1373 3948 silvana,

171 3979 200 4043 si
223 3977 456 4044 universitatis
488 3982 566 4042 sunt
593 3975 702 4044 atrei
724 3975 877 4057 publicae
901 3993 942 4040 ao
964 3973 1105 4040 utilitati
1136 3970 1299 4038 communi
1327 3972 1372 4036 ab

172 4083 311 4163 antiquo
336 4081 509 4155 deservire
531 4085 787 4160 consueverunt,
810 4099 915 4164 nemo,
938 4079 1004 4145 nisi
1026 4080 1067 4144 de
1091 4093 1255 4144 consensu
1282 4073 1370 4157 prin·

173 4187 258 4270 cipis
281 4187 345 4254 hoc
367 4184 482 4269 iaciat,
505 4169 724 4268 appropriare
748 4185 811 4252 sibi
830 4186 952 4273 potest.
974 4182 1071 4250 Unde
1086 4181 1171 4248 talia
1184 4182 1375 4262 obstruens,

173 4309 354 4376 occupans,
365 4291 557 4374 prohibere,
569 4289 753 4372 impediens
765 4289 821 4355 vel
834 4287 1109 4368 qualitercunque
1126 4284 1191 4351 sibi
1205 4301 1374 4366 usurpans

224 4431 298 4471 codex
313 4429 354 4477 pur.
370 4429 421 4468 son.
437 4428 464 4468 11.
479 4433 500 4468 a.
1232 4406 1266 4457 lo
