3275 5009
1411 346 1747 400 Brunenses
2672 339 2774 392 109
2878 341 2882 345 '

365 552 688 620 civitatis
731 552 1120 635 praefuerit,
1165 557 1386 619 utrum
1431 554 1513 618 de
1560 549 1944 618 venditione
1992 552 2241 629 domm,
2287 566 2419 613 non
2462 549 2776 613 obstante

364 641 863 740 resignatione,
951 676 1082 723 non
1160 659 1406 724 debeat
1480 659 1563 722 de
1632 654 1769 721 suis
1840 653 2084 720 debitis
2161 651 2514 733 expediri?
2592 651 2778 718 Uxor

362 779 534 827 vero
587 761 761 827 civis
810 760 1184 844 supradicti
1231 761 1474 842 petivit
1521 759 1916 841 simpliciter
1962 775 2034 823 se
2080 757 2261 822 circa
2313 758 2424 840 jus
2482 755 2777 824 dotalitii

364 867 792 933 conservari.

587 978 866 1060 Super
935 998 1088 1058 quo
1153 977 1795 1044 sententiatum
1855 974 2063 1040 fuit:
2129 972 2319 1057 Quod
2379 991 2547 1038 uxor
2602 973 2776 1060 ‚civis

362 1081 828 1164 suprascripti
899 1085 1158 1148 domum
1220 1081 1351 1147 sibi
1409 1099 1528 1162 pro
1593 1078 1899 1145 dotalitio
1967 1079 2401 1160 resignatam,
2471 1078 2776 1156 quamvis

360 1205 622 1269 pueros
669 1206 815 1253 cum
863 1189 1092 1254 eodem
1139 1185 1378 1251 marito
1425 1203 1542 1250 suo
1591 1183 1861 1264 saepius
1902 1181 2079 1247 dicto
2113 1181 2440 1260 habuerit,
2474 1183 2774 1260 quamvis

363 1291 580 1358 etiam
656 1291 903 1372 debita,
967 1291 1206 1370 quibus
1277 1289 1383 1354 vir
1446 1287 1797 1369 praefatus
1858 1286 2362 1367 impulsabatur,
2426 1303 2569 1350 cum
2630 1286 2774 1366 ipso

361 1398 798 1478 expenderit,
864 1392 1275 1461 hereditarie
1350 1395 1595 1459 debeat
1672 1392 2035 1472 possidere,
2115 1408 2238 1456 nec
2311 1389 2525 1472 ipsius
2605 1391 2775 1456 civis

362 1518 488 1566 seu
561 1500 794 1565 mariti
858 1498 1167 1582 praefati,
1244 1516 1368 1564 nec
1442 1498 1762 1563 heredum
1838 1513 2124 1577 suorum,
2197 1499 2362 1560 ante
2438 1495 2547 1560 vel
2620 1501 2776 1577 post

363 1604 902 1687 resignationem
948 1603 1348 1683 habitorum,
1394 1600 1837 1665 contradictio
1885 1599 2094 1680 ipsam
2140 1599 2212 1665 in
2259 1598 2480 1664 dictae
2542 1601 2774 1666 domus

365 1706 821 1787 possessione,
888 1705 1066 1772 nisi
1146 1706 1211 1772 ei
1303 1704 1683 1772 voluntarie
1772 1703 2287 1784 renuntiaverit,
2384 1704 2770 1784 aliqualiter

365 1811 633 1892 poterit
706 1814 1067 1877 secundum
1137 1809 1468 1894 justitiam
1544 1809 1883 1890 impedire.
1989 1807 2177 1873 Civis
2254 1808 2427 1873 enim
2502 1808 2770 1890 saepius

364 1914 599 1982 dictus
626 1899 629 1903 ⁵
640 1915 796 1998 juri,
857 1918 1035 1997 quod
1083 1933 1288 1996 super
1335 1917 1524 1980 domo
1570 1918 1895 1995 quantum
1953 1915 2039 1978 ad
2102 1912 2454 1977 dominium
2515 1912 2772 1996 habuit,

365 2036 491 2100 per
538 2020 1065 2104 resignationem
1125 2024 1349 2085 cessit.

587 2176 737 2244 198.
806 2173 914 2237 Ad
980 2175 1171 2257 idem,
1241 2173 1410 2256 quod
1472 2172 1846 2236 dotalitium
1908 2171 2285 2254 quandoque
2342 2194 2543 2255 super
2599 2175 2774 2236 here-

367 2277 584 2341 ditate
633 2277 921 2341 absolute
967 2279 1215 2356 datur,
1244 2284 1303 2340 et
1330 2278 1723 2360 *quandoque
1779 2278 1850 2338 in
1880 2275 2191 2360 futurum
2230 2285 2667 2360 promittitur,
2714 2288 2775 2342 et

368 2382 721 2445 secundum
792 2382 906 2443 hoc
974 2381 1348 2465 quandoque
1412 2381 1748 2463 praecedit
1812 2381 2048 2446 debita.
2118 2382 2774 2449 Sententiatum

370 2491 508 2551 est
557 2487 1097 2570 quibusdam:
1145 2484 1214 2550 Si
1260 2486 1451 2551 uxori
1497 2503 1618 2567 per
1664 2485 1976 2552 maritum
2019 2486 2169 2552 vice
2217 2487 2394 2552 dotis
2429 2486 2772 2552 hereditas

370 2592 721 2656 nominata
782 2608 1005 2656 coram
1056 2590 1307 2675 judicio
1371 2590 1633 2671 publice
1689 2590 1942 2655 tradita
2002 2589 2210 2656 fuerit
2270 2599 2340 2656 et
2406 2590 2774 2675 assignata,

370 2692 490 2759 illa
536 2713 663 2777 per
709 2692 1078 2761 creditores
1126 2693 1254 2758 sibi
1299 2700 1537 2774 postea
1582 2713 1713 2760 non
1761 2695 2013 2775 poterit
2046 2696 2400 2762 decertari.
2446 2694 2518 2760 Si
2548 2700 2770 2760 autem

374 2798 479 2863 vir
524 2800 600 2865 in
644 2817 888 2883 genere
936 2797 1126 2865 uxori
1193 2801 1315 2864 sub
1386 2798 1516 2863 hiis
1585 2798 1814 2864 verbis
1876 2800 2092 2865 dotem
2158 2799 2530 2880 promittat,
2582 2803 2773 2881 „post

369 2908 655 2969 mortem
673 2921 883 2969 meam
900 2905 985 2967 de
1007 2902 1218 2985 boniS,
1237 2920 1409 2981 quae
1434 2901 1785 2985 reliquero,
1805 2909 2062 2967 tantam
2086 2920 2403 2968 summam
2428 2901 2772 2983 habebis“,

373 3013 444 3073 et
513 3010 792 3088 insuper
858 3011 1157 3087 tempore
1225 3005 1410 3071 vitae
1481 3005 2033 3072 irrationabiliter
2082 3007 2650 3089 negotiationibus
2701 3011 2773 3072 et

373 3114 640 3178 actibus
676 3111 1043 3177 insistendo
1079 3109 1308 3174 debita
1342 3112 1722 3174 contrahat:
1773 3110 2050 3175 multum
2086 3118 2267 3177 esset
2298 3114 2674 3189 absurdum,
2714 3111 2773 3177 si

374 3217 494 3281 dos
540 3214 919 3298 huJusmodi
966 3213 1361 3279 solutionem
1407 3213 1642 3279 talium
1675 3217 1953 3280 deberet
1984 3215 2342 3281 excludere
2376 3216 2773 3282 debitorum.

376 3319 506 3386 Est
541 3319 718 3386 enim
752 3317 1068 3401 generale
1101 3316 1364 3399 injure,
1411 3319 1583 3396 quod
1631 3318 1927 3384 creditor
1973 3324 2079 3384 est
2122 3320 2317 3385 heres
2363 3318 2773 3401 principalis.

379 3423 716 3491 Consonat
764 3424 966 3488 etiam
1011 3420 1359 3502 aequitati,
1406 3424 1582 3500 quod
1628 3438 1797 3486 uxor
1859 3429 1930 3488 et
1990 3425 2273 3491 heredes
2334 3426 2775 3491 succedentes

377 3527 657 3594 mortuis
705 3525 934 3592 debita
982 3527 1249 3591 solvant
1293 3527 1670 3591 eorundem.

586 3684 736 3748 199.
784 3681 1185 3746 Dotalitium
1231 3681 1604 3764 quandoque
1655 3685 1896 3746 transit
1926 3685 2014 3747 ad
2044 3705 2455 3750 successores.
2503 3686 2584 3751 In
2613 3684 2776 3753 villa

382 3791 662 3865 quadam
705 3788 813 3854 vir
857 3785 1361 3869 sexagenariuS,
1406 3792 1761 3867 postquam
1808 3791 1890 3854 de
1936 3789 2153 3856 tribus
2185 3788 2499 3856 uxoribus
2531 3807 2773 3871 pueros

382 3897 776 3971 generasset
843 3899 913 3957 et
981 3891 1164 3972 ipsos
1229 3892 1388 3956 data
1461 3891 1815 3973 unicuique
1876 3895 2069 3978 juxta
2128 3911 2313 3959 suam
2378 3892 2771 3959 facultatem

384 3994 556 4081 dote,
609 3997 1029 4063 matrimonio
1101 3995 1514 4078 tradidisset,
1581 4000 1669 4063 ad
1736 4004 2011 4078 quartas
2077 3997 2414 4063 transiens
2483 3998 2773 4080 nuptias,

384 4101 687 4184 puellam,
731 4101 837 4166 cui
881 4101 1295 4166 nominatum
1339 4099 1643 4180 promisit
1688 4102 2079 4186 dotalitium,
2123 4103 2195 4168 in
2240 4120 2511 4168 uxorem
2557 4102 2778 4184 duxit3

385 4219 572 4282 quam
625 4208 896 4271 tandem
969 4204 1113 4270 sine
1181 4203 1368 4284 prole
1437 4203 1842 4291 relinquens,
1908 4212 2315 4272 testamento
2376 4225 2509 4271 non
2575 4205 2779 4289 facto,

385 4310 599 4375 subito
633 4308 1005 4391 expiravit3
1038 4326 1205 4374 uxor
1238 4325 1396 4374 vero
1431 4315 1668 4388 postea
1712 4311 2076 4377 transactis
2109 4311 2361 4391 aliquot
2393 4311 2776 4376 ebdomadis
