3275 5009
658 363 826 416 Brunenses.
1289 359 1350 416 139'

245 569 320 634 313.
343 569 395 631 De
410 567 520 652 furto,
548 577 704 652 quantum
730 567 775 632 od
795 589 847 631 ree
877 567 1037 652 perditos.
1069 566 1104 634 Si
1135 586 1208 634 cum
1238 572 1340 636 rebus

149 671 259 738 aliems
282 671 384 739 alicui
406 690 462 740 res
484 657 640 754 propriae
667 674 863 738 subtractae
893 671 1031 755 fuerint,
1061 677 1096 739 et
1126 672 1182 738 ille
1210 674 1340 741 dehoc

147 776 297 860 tacuerit,
320 794 383 843 nec
405 794 516 842 coram
539 775 659 842 vicinis
682 776 738 844 vel
761 775 959 844 officialibus
978 774 1098 856 judicii
1120 776 1233 843 debito
1256 782 1341 844 tem·

149 898 224 963 pore
238 879 364 947 furtum
380 880 618 963 publicaverit:
635 898 690 947 res
707 882 836 949 alienas
852 880 970 947 solvet.
992 880 1032 946 It.
1050 882 1150 948 tarda
1165 880 1342 965 confessio,

150 1002 242 1065 quom
263 989 342 1067 post
363 1002 485 1051 moram
509 987 551 1050 de
573 988 675 1052 rebus
697 985 843 1068 propriis
866 984 997 1052 amissis
1021 983 1142 1064 aliquis
1165 983 1257 1066 facit,
1275 985 1340 1051 sibi

150 1107 211 1155 non
232 1087 382 1172 proficit,
404 1089 484 1170 quia
498 1090 727 1174 perpenditur,
742 1091 831 1170 quod
845 1089 995 1171 captiose
1012 1107 1054 1154 ex
1069 1088 1341 1173 christianorum,
1387 1119 1391 1125 ·

151 1192 178 1259 si
205 1194 348 1278 judaeus
382 1199 456 1276 est,
474 1195 729 1278 protestatione,
768 1212 834 1260 non
865 1212 906 1259 ex
935 1193 1093 1260 veritatis
1124 1193 1266 1260 scientie
1296 1196 1341 1260 ad

149 1298 250 1380 ipsam
279 1300 334 1365 est
356 1303 474 1364 motus.
503 1299 649 1365 Prodest
677 1303 791 1366 tamen
813 1316 952 1379 morosa
982 1295 1156 1376 confessio,
1187 1298 1216 1364 si
1244 1298 1342 1366 homo

150 1400 311 1468 induciari
334 1406 535 1487 sepeteret,
558 1405 664 1470 donec
687 1403 895 1486 perspiceret
918 1421 972 1468 res
995 1401 1158 1484 proprias,
1181 1402 1210 1468 si
1233 1402 1343 1468 exeis

150 1505 275 1586 aliquas
297 1505 510 1590 perdidisset.

249 1643 321 1707 314.
351 1643 403 1706 De
418 1641 517 1726 furto
547 1652 695 1706 rotarum
719 1665 845 1709 currus.
877 1644 984 1711 Rotas
1016 1663 1131 1711 currus
1161 1643 1191 1710 si
1220 1643 1344 1724 aliquis

152 1746 228 1813 omit
248 1753 284 1816 et
306 1746 336 1814 si
359 1747 446 1812 alter
473 1746 538 1815 sibi
569 1747 660 1828 ipsas
690 1747 929 1815 arrestaverit:
960 1746 989 1811 si
1019 1746 1127 1814 fidelis
1158 1753 1193 1814 et
1217 1749 1341 1828 probus

153 1856 203 1917 est
222 1852 327 1935 homo,
350 1851 408 1932 qui
429 1858 521 1918 rotas
545 1852 634 1931 emit,
658 1852 716 1935 illi,
739 1852 797 1933 qui
819 1857 912 1919 rotas
934 1851 1076 1934 impetit,
1100 1851 1129 1917 si
1149 1851 1341 1934 juramento

154 1955 406 2041 confirmaverit,
433 1975 493 2024 eas
514 1957 675 2023 restituet
698 1961 733 2024 et
755 1956 879 2023 nullam
903 1958 1074 2026 emendam
1095 1956 1200 2040 Judici
1223 1956 1343 2021 solvet.
1459 1951 1463 1959 '

251 2113 323 2178 315.
346 2111 397 2174 De
427 2112 518 2194 farti
546 2115 671 2177 actione
696 2116 731 2176 in
754 2135 844 2196 quem
874 2123 1041 2195 competat.
1072 2111 1107 2178 Si
1138 2129 1256 2178 seruus
1287 2111 1345 2177 vel

152 2214 233 2281 ilius
255 2215 400 2283 familias
422 2215 548 2283 furtum
571 2217 781 2296 commiserit,
807 2217 897 2284 actio
929 2217 996 2283 erit
1027 2217 1061 2283 in
1092 2215 1257 2282 dominum
1287 2216 1343 2282 vol
1403 2201 1406 2208 ’

155 2318 337 2404 inpetrem,
352 2341 413 2403 pro
430 2341 478 2406 eo,
493 2324 590 2410 ,quod
607 2324 650 2388 ad
665 2323 755 2404 ipsos
771 2321 920 2389 defunto
937 2321 1099 2402 pervenit.
1122 2321 1170 2386 Et
1190 2319 1345 2387 similiter

147 2423 236 2489 actio
255 2424 348 2513 furti,
363 2426 441 2506 quia
457 2426 507 2492 rei
522 2428 625 2493 habet
641 2426 915 2510 persecutionem,
931 2428 1089 2492 heredem
1104 2424 1188 2512 foris
1205 2424 1344 2507 obligat.

155 2527 196 2593 Et
223 2527 309 2596 idem
344 2531 411 2596 erit
444 2528 484 2595 in'
513 2532 659 2598 caeteris
693 2531 943 2597 successoribus
981 2534 1056 2610 post
1086 2535 1225 2596 mortem
1259 2527 1346 2594 furis
1431 2620 1435 2628 υ

156 2633 403 2700 observandum.

251 2772 323 2837 316.
350 2772 402 2834 De
429 2771 524 2853 furto
555 2771 658 2839 tanae.
692 2772 728 2840 Si
762 2791 804 2838 ex
837 2772 915 2840 lana
948 2772 1075 2838 furtiva
1110 2771 1344 2839 vestimentum

156 2870 277 2959 feceris
300 2876 408 2942 vestis
431 2875 497 2942 erit
518 2875 646 2943 furtiva
669 2881 704 2943 et
726 2880 855 2943 vestem
888 2876 1038 2943 dominus
1059 2875 1158 2941 lanae
1189 2877 1346 2956 repetere

158 2977 250 3043 debet
273 2984 308 3045 et
331 2985 453 3062 potest.

252 3119 325 3186 317.
349 3118 400 3182 De
415 3118 512 3203 furti
534 3122 658 3183 actione
685 3127 840 3204 quantum
870 3120 914 3182 ad
938 3118 1064 3203 piures.
1096 3117 1132 3186 Si
1159 3119 1271 3199 plures
1303 3119 1346 3183 de

158 3215 238 3286 furto
260 3222 413 3290 accusati
437 3227 525 3306 sunt,
548 3228 583 3290 et
606 3242 691 3290 unus
715 3242 826 3291 eorum
850 3223 975 3290 dixerit
993 3242 1032 3290 se
1047 3221 1239 3291 interfuisse
1254 3221 1347 3286 furto

160 3323 206 3388 vel
227 3326 341 3408 spolio,
365 3328 425 3392 sed
448 3330 551 3392 causat
578 3327 778 3395 defendendi
808 3327 858 3394 eis
890 3327 1029 3410 spolium
1059 3326 1114 3395 vel
1143 3326 1269 3392 furtum
1298 3323 1344 3391 ibi

159 3424 298 3496 affuerit:
322 3431 506 3515 quaeritur,
528 3438 638 3498 utrum
660 3431 745 3498 talia
767 3435 873 3499 verba
895 3431 1065 3498 sufficiant
1088 3433 1133 3498 ad
1147 3430 1220 3513 ejus
1249 3446 1347 3496 excu-

159 3531 403 3601 sationemPEt
418 3539 722 3619 respondetur,
739 3539 827 3616 quod
842 3535 1031 3621 hujusmodi
1043 3534 1214 3602 excusatio
1224 3533 1348 3601 frivola

160 3643 213 3719 est,
233 3638 298 3706 imo
323 3658 365 3706 ex
391 3658 449 3705 ore
479 3640 625 3723 proprio,
654 3640 732 3720 quie
762 3641 847 3707 dixit
874 3659 911 3706 se
941 3638 1135 3706 interfuisse
1165 3637 1281 3722 spolio,
1311 3642 1349 3703 et

159 3741 251 3807 etiam
275 3762 316 3810 ex
340 3744 410 3825 hoo,
433 3743 511 3822 quia
535 3744 565 3809 si
585 3742 673 3809 forte
697 3743 772 3809 illos
795 3743 879 3810 alios
896 3743 1004 3810 socios
1021 3761 1099 3811 suos
1115 3742 1349 3826 nominaverit,

160 3851 268 3913 contra
290 3866 328 3914 se
349 3847 554 3913 sententiam
575 3846 647 3914 fieri
670 3847 793 3914 meruit
815 3848 1003 3930 capitalem.

255 4002 327 4068 318.
355 4001 408 4066 De
438 4001 528 4075 furto
551 4003 724 4084 juniorum
754 4003 790 4064 iro
819 4004 923 4070 onais.
955 4003 1131 4086 Si·junior
1160 4002 1348 4083 quindecim
1434 4046 1437 4052 ·

163 4104 249 4170 annis
270 4106 395 4173 furtum
417 4105 548 4188 fecerit,
571 4124 643 4172 cum
667 4106 755 4172 infra
777 4107 966 4192 hujusmodi
989 4111 1134 4173 aetatem
1165 4125 1228 4173 nec
1252 4107 1349 4173 homo

164 4205 270 4286 plenae
292 4229 386 4278 usum
410 4210 553 4278 rationis
575 4211 701 4277 habore
723 4229 785 4279 nec
808 4211 899 4278 iuter
921 4213 1043 4278 bonum
1066 4215 1099 4276 ot
1121 4210 1240 4276 malum
1257 4208 1348 4276 suffi-

165 4309 281 4380 cienter
302 4316 496 4383 discernere
524 4315 639 4398 possit,
669 4320 749 4381 tunc
778 4314 877 4398 virga
907 4315 1104 4398 disciplinae
1128 4334 1148 4380 a
1171 4313 1351 4396 parentela
