3275 5009
681 362 848 416 Brunenses.
1312 364 1364 416 133

145 569 191 636 in
216 571 322 652 cippo
346 569 465 653 puniri,
487 570 547 636 sed
572 587 655 651 paco
678 587 739 650 per
760 569 903 653 jndicem
926 569 992 634 sibi
1014 569 1143 634 indicta
1161 567 1364 636 liberdebet

144 672 300 756 dimitti,
323 674 358 740 in
381 691 444 754 quo
468 678 606 740 tenetur
627 673 693 750 ille,
717 673 773 753 qui
798 690 872 738 eum
894 671 1072 753 impetivit
1095 673 1292 739 contentari.

269 827 380 916 acac)
403 829 453 892 De
468 827 721 914 fidejussoribus
745 835 898 912 quantam
914 829 958 891 nd
973 837 1105 890 mortem
1129 830 1187 892 rei,
1208 828 1363 916 Fidejus.

142 949 257 999 sores
284 933 314 998 si
336 950 429 998 reum
451 937 617 1000 mortuum
647 933 719 1002 sivo
742 933 855 1000 vivum
886 935 1049 1014 statuant,
1078 931 1177 999 liberi
1198 937 1286 998 sunt.
1316 933 1364 1000 Et

148 1036 221 1101 hoc
260 1035 414 1118 intellige
444 1037 485 1102 de
516 1043 621 1102 morte
655 1035 812 1117 naturali,
844 1053 903 1117 pro
934 1036 1028 1119 cujus
1062 1043 1218 1103 evasione
1252 1036 1363 1104 nullus

144 1141 348 1224 ,fidejubere
370 1143 491 1221 potest.
515 1139 552 1205 Si
574 1145 685 1206 autern
708 1139 743 1205 in
766 1139 872 1220 spolio
895 1140 950 1205 vel
965 1140 1031 1206 alio
1047 1142 1141 1206 modo
1157 1140 1297 1207 illicitae
1312 1142 1364 1208 rei

147 1246 245 1311 dans
273 1261 407 1325 operam
430 1243 533 1310 vitam
555 1244 673 1323 finivit,
696 1248 776 1310 tune
799 1262 902 1326 super
923 1243 1061 1311 ferenda
1086 1244 1256 1311 sententiat
1279 1244 1363 1311 ciffi-

149 1346 275 1416 nitiva
293 1347 400 1432 jurati
422 1348 507 1413 bene
531 1335 775 1414 deliberabunt.

271 1501 380 1588 294.b)
404 1503 454 1567 De
470 1503 700 1589 fidejussorum
733 1504 925 1567 diversitate
953 1513 983 1568 ct
1011 1524 1120 1568 corum
1150 1503 1362 1573 absolutionc.

152 1607 402 1694 Fidejussorcs
425 1607 524 1690 primi
546 1627 606 1690 per
628 1610 792 1675 secundos
818 1607 1032 1690 fidejussores
1048 1610 1077 1674 si
1091 1608 1218 1676 fuerint
1232 1611 1364 1695 statuti,

149 1711 264 1778 liberi
288 1717 396 1796 erunt,
418 1711 467 1778 ita
490 1717 612 1796 tamen,
635 1713 665 1779 si
687 1715 834 1779 secunda
855 1713 959 1778 fuerit
981 1713 1098 1779 melior
1119 1714 1240 1797 cautio,
1265 1734 1363 1795 quarn

152 1816 282 1898 prima.
297 1816 378 1883 Ideo
394 1818 501 1914 prima
517 1818 636 1884 merito
652 1818 843 1900 suffocatur,
858 1816 1008 1896 quamvis
1025 1817 1122 1899 primi
1138 1835 1175 1884 se
1190 1819 1362 1884 absolutos

146 1939 226 1986 non
251 1919 380 1988 fuerint
402 1921 593 2002 protestati.

156 2123 160 2130 .
269 2075 378 2162 2940)
399 2076 450 2140 De
466 2075 716 2162 fidejussoribnc
736 2073 974 2162 alterijodicio
990 2075 1152 2159 subjectio.
1174 2076 1281 2142 Homo
1293 2077 1364 2160 juri

150 2178 363 2263 provinciali
386 2180 541 2247 subditus
564 2181 650 2247 etsi
673 2179 826 2260 quamvis
849 2181 895 2246 sit
918 2182 960 2246 de
982 2179 1054 2246 foro
1078 2182 1213 2264 crudae,
1240 2186 1362 2265 tamen,

150 2290 303 2352 exercet
347 2289 459 2351 actum
504 2285 712 2368 judiciarium
755 2285 838 2370 juris
879 2285 1040 2368 civitatis,
1088 2285 1145 2351 ille
1183 2274 1362 2353 secundun

148 2391 329 2472 emender,
353 2391 535 2454 secundum
557 2389 802 2474 fidejussionem
827 2393 861 2454 et
877 2391 1057 2456 secundnm
1072 2388 1139 2454 alia
1155 2387 1246 2455 facta
1261 2408 1362 2470 quae·

146 2509 304 2572 eumque
328 2493 486 2576 dirigitur
505 2493 642 2578 justitia
665 2492 825 2562 civitatis.

268 2648 381 2734 294.d)
415 2649 467 2711 De
492 2649 718 2734 fidejussionis
756 2650 950 2736 majoritate.
992 2648 1181 2734 Fideiussio
1216 2653 1363 2717 secunda

153 2754 368 2830 auctoritate
391 2752 541 2837 alicujus,
564 2753 621 2833 qni
644 2755 686 2821 de
708 2752 781 2820 foro
806 2751 1004 2834 provinciali
1026 2759 1088 2836 est,
1112 2754 1204 2820 facta
1222 2773 1286 2821 non
1310 2759 1363 2822 est

154 2858 276 2941 major,
300 2877 396 2938 quam
420 2858 526 2938 prima
549 2876 610 2938 per
629 2858 774 2942 judicem
798 2856 951 2924 civitatis
974 2857 1083 2938 facta3
1113 2857 1147 2923 in
1176 2858 1251 2940 jnre
1275 2859 1363 2926 enirn

153 2961 256 3028 civili
280 2961 439 3041 quioquid
457 2963 562 3046 judex
584 2960 674 3044 facit,
707 2961 780 3027 vice
803 2965 839 3026 ct
860 2960 992 3026 nomine
1024 2961 1147 3028 domini
1177 2963 1236 3045 sui,
1268 2964 1362 3048 cujus

154 3063 274 3132 officio
297 3065 457 3149 fungitur,
479 3064 572 3132 facit.

269 3205 342 3268 295.
367 3197 417 3266 De
431 3203 703 3288 fidejussionibus
727 3203 871 3287 qrrota'ter
898 3204 943 3267 od
963 3212 1110 3286 posteros
1142 3202 1362 3273 devolvantur,

161 3305 319 3384 Heredes
354 3312 441 3375 bona
470 3324 647 3391 parentum
678 3307 889 3389 possidentes
919 3327 986 3374 non
1016 3308 1121 3374 solum
1150 3308 1209 3375 illa
1239 3310 1363 3389 debite,

156 3429 251 3502 quae
274 3414 546 3496 pannosarum
568 3412 816 3495 viverent,·pro
841 3431 877 3479 se
900 3413 984 3495 ipsis
1004 3412 1136 3480 solvere
1151 3416 1364 3498 tenebantur,

162 3519 223 3583 sed
246 3517 349 3583 etiarn
371 3516 439 3600 illa,
462 3535 546 3596 quae
570 3535 629 3598 pro
653 3515 728 3581 aliia
751 3516 961 3597 fideJussorie
981 3516 1113 3583 solvere
1130 3517 1364 3602 promiserunt,

158 3620 323 3702 expedire
355 3622 490 3687 debent.
520 3621 561 3686 In
583 3620 709 3687 talibus
734 3619 822 3686 enim
843 3619 1013 3702 fidejussio
1046 3638 1107 3702 per
1129 3627 1363 3688 antecessores

156 3722 263 3808 facta,
286 3727 329 3791 ad
352 3729 506 3806 posteros
531 3723 724 3792 devolvitur
747 3723 819 3806 ipso
843 3726 926 3804 iure.

159 3957 161 3960 ι
267 3864 340 3926 296.
363 3862 415 3926 Dc
435 3861 641 3948 fidejussione
663 3861 887 3946 emphiteotoc.
919 3863 1134 3945 Emphiteota
1162 3882 1297 3930 censum
1320 3868 1363 3931 de

160 3965 354 4034 hereditate
377 3966 520 4050 solvens,
543 3967 585 4032 de
604 3967 679 4050 jure
704 3966 780 4050 cogi
793 3984 861 4032 non
878 3968 987 4051 debet,
1004 3969 1092 4046 quod
1107 3968 1197 4034 ultra
1214 3970 1362 4036 valorem
1430 4005 1434 4010 ·

160 4069 365 4160 hereditatis
389 4086 523 4137 censum
548 4069 714 4137 certificet
735 4070 945 4155 fidejussoria
970 4070 1132 4139 cautione.

265 4209 377 4293 acac)
398 4210 449 4272 De
465 4209 715 4294 fidejussoribus
740 4217 895 4292 quantum
917 4168 961 4274 od
983 4211 1163 4276 absentiam
1178 4211 1375 4282 eorundem..

158 4310 357 4396 Fidejussor
391 4314 419 4379 si
451 4313 541 4380 arisit
586 4311 789 4396 principalis,
816 4330 894 4380 reus
924 4332 1004 4382 vero
1035 4314 1134 4394 absit,
1164 4334 1269 4398 grave
1309 4319 1364 4382 est
