3275 5009
662 337 830 390 Brunenses.
1297 341 1347 392 183

120 545 327 627 quaesivit,
357 551 466 612 utrum
486 544 640 628 judaeae,
667 564 740 612 eum
765 545 810 610 sit
833 545 986 628 infidelis,
1017 546 1125 612 locum
1156 547 1251 627 probi
1281 547 1347 613 viri

119 651 278 733 agendo
302 651 355 716 vel
379 652 611 731 respondendo
635 651 792 732 supplere
816 648 948 730 possit?
978 650 1115 730 Super
1138 669 1216 730 quo
1241 651 1346 720 diffi-

118 753 283 820 nitum
305 753 405 820 init:
429 753 523 837 Quod
544 773 617 821 cum
633 757 777 839 judaeus
794 756 974 820 secundum
991 759 1147 836 aetatem,
1163 757 1346 821 secundum

119 875 274 942 sexum,
305 861 485 925 secuudum
515 876 647 925 sensum
680 860 726 943 (id
751 864 803 925 est
826 857 1078 941 discretionem)
1107 864 1141 924 et
1164 862 1345 926 secundum

119 963 350 1042 probitatem
373 970 408 1028 et
432 965 612 1030 secundum
634 968 730 1028 actus
754 962 870 1028 uiriles
894 963 940 1028 sit
963 969 997 1027 et
1018 962 1125 1042 possit
1141 982 1216 1030 esse
1232 965 1293 1043 vir,
1309 970 1345 1030 et

121 1069 299 1133 omnibus
322 1065 398 1132 istis
420 1067 525 1132 modis
548 1085 614 1133 non
628 1072 797 1150 repugnet
814 1067 888 1149 sibi,
905 1069 993 1146 quod
1009 1066 1054 1132 sit
1073 1071 1215 1148 probus:
1238 1067 1345 1134 vicem

123 1171 240 1251 probi
267 1171 341 1253 viri,
368 1171 518 1250 quamvis
551 1164 616 1237 non
650 1172 745 1255 probi
780 1170 966 1253 christiani,
997 1173 1170 1237 dummodo
1202 1190 1268 1237 non
1299 1171 1346 1238 sit

121 1273 289 1358 infamio,
312 1277 440 1360 agendo
464 1277 518 1342 vel
542 1277 782 1357 respondendo,
806 1275 963 1358 supplere
987 1281 1109 1357 potest.
1132 1275 1237 1357 Unde,
1257 1279 1344 1356 quod

120 1397 200 1444 non
230 1385 290 1446 est
304 1378 421 1460 fidelis,
437 1399 478 1445 ex
494 1381 557 1446 hoc
574 1382 676 1446 solum
693 1382 846 1462 habetur,
863 1381 950 1459 quod
967 1398 1032 1445 non
1050 1381 1095 1444 sit
1112 1379 1163 1444 vir
1179 1380 1346 1464 conjugio,

122 1484 391 1550 matrimonium
421 1484 507 1550 enim
539 1491 573 1551 et
604 1484 671 1550 alia
703 1489 917 1550 sacramenta
949 1488 1046 1548 extra
1077 1483 1252 1549 ecclesiam
1281 1503 1346 1549 uon

123 1587 324 1657 habentur.

250 1709 326 1770 432.
344 1708 436 1794 (Bu.)
450 1707 634 1793 Dejadaer'e
647 1719 800 1792 quantam
810 1707 960 1792 adferta
972 1717 1003 1772 at
1014 1730 1131 1771 aeaeae
1144 1707 1343 1772 criminales.

249 1829 414 1916 433.(ar.)
424 1830 471 1892 De
472 1830 609 1914 juducio
619 1839 771 1913 quantum
781 1828 1344 1914 odacrusab'ouemeddefensionem.

248 1952 324 2016 434.
349 1949 439 2038 (Bu.)
463 1951 513 2014 De
521 1951 656 2035 juducio
673 1960 827 2034 qnantum
842 1951 887 2013 ad
901 1948 1009 2014 debita
1026 1949 1144 2029 nolula,
1162 1951 1345 2013 testimonio

130 2057 332 2134 juratorum
356 2064 530 2118 contracto.

249 2177 325 2240 435.
372 2178 422 2240 De
451 2177 586 2260 judaeis
625 2186 779 2259 precntum
820 2175 864 2238 ad
894 2175 1041 2258 feracem
1072 2177 1223 2256 ‚jurandi
1264 2177 1345 2243 Cum

126 2282 286 2364 judaeus
310 2280 441 2348 mulieri
464 2281 670 2347 christianae
690 2281 805 2363 jurare
830 2282 969 2346 deberet
992 2299 1050 2362 pro
1076 2286 1152 2347 octo
1175 2280 1342 2361 lapidibus

128 2385 251 2467 lanae,
275 2385 362 2451 alter
381 2387 525 2470 judaeus
548 2383 685 2450 formam
704 2385 840 2468 jurandi
860 2385 924 2450 sibi
948 2384 1116 2465 praedixit
1136 2383 1211 2451 istis
1229 2387 1343 2451 verbis

131 2488 169 2554 in
194 2491 350 2572 vulgari:
375 2489 463 2572 „Des
488 2492 609 2554 swerst
632 2491 675 2553 du
699 2490 774 2554 nmb
798 2491 842 2570 dy
866 2490 992 2571 schuld,
1020 2488 1071 2555 als
1101 2490 1154 2554 dir
1185 2492 1230 2574 dy
1260 2490 1346 2557 fraw

134 2594 267 2659 sebuld
290 2593 371 2676 gab,
395 2589 459 2674 pey
483 2595 593 2675 dere,
618 2595 661 2674 dy
686 2593 738 2658 dir
762 2593 829 2659 Got
852 2597 937 2676 gabe
957 2593 1019 2659 aui
1033 2597 1106 2660 dem
1123 2612 1205 2676 perg
1221 2594 1344 2660 Sinai“.

136 2695 345 2778 Quaesitum
370 2701 431 2780 est,
461 2702 572 2762 utrum
606 2696 719 2764 valeat
752 2697 819 2762 ista
853 2696 984 2762 forma?
1018 2697 1071 2762 at
1093 2716 1345 2779 responsum

135 2808 224 2881 est,
245 2803 332 2881 quod
356 2800 413 2865 sic.
438 2800 484 2866 Ut
507 2807 615 2866 autem
641 2801 773 2867 debitus
797 2804 912 2867 modus
938 2802 1027 2866 circa
1050 2802 1157 2883 ipsam
1177 2810 1343 2883 servetur,

135 2906 357 2988 recipiendus
368 2911 420 2972 est
429 2906 680 2972 Pentateuchus
692 2905 797 2988 Moisi,
806 2924 849 2971 sc.
859 2907 972 2971 rodale
982 2906 1187 2989 jadaeorum,
1198 2911 1233 2970 et
1242 2924 1342 2985 quee-

137 3015 241 3076 ratur
264 3011 298 3075 in
322 3010 436 3076 Exodo
470 3011 525 3076 vel
556 3010 590 3075 in
614 3011 872 3076 Deuteronomio
903 3011 1071 3089 scriptura
1103 3013 1216 3075 decem
1247 3028 1339 3090 prae·

139 3123 318 3196 ceptorum
337 3113 465 3179 Domini
490 3120 525 3179 et
547 3132 649 3195 super
671 3115 727 3178 illo
753 3124 932 3194 praecepto
955 3115 1048 3196 ,Non
1065 3115 1262 3197 perjurabis,
1281 3133 1341 3180 nec

141 3237 297 3284 assumes
312 3237 429 3295 nomen
451 3219 513 3284 Dei
526 3219 577 3283 tui
589 3220 622 3283 in
635 3221 775 3284 vanum“
789 3221 934 3301 jndaeus
948 3220 1064 3301 jurans
1081 3238 1212 3284 manum
1232 3226 1341 3300 ponat,

142 3327 178 3386 et
194 3322 270 3388 sive
285 3328 419 3403 repetat
435 3325 539 3388 verba
563 3323 760 3404 postillam,
786 3323 842 3403 qui
865 3323 927 3388 sibi
954 3326 1057 3388 verba
1081 3324 1244 3404 proponit,
1270 3323 1358 3387 sive⁴

143 3444 336 3509 proponens
359 3433 464 3492 totam
486 3427 624 3492 formam
649 3446 709 3508 per
732 3445 768 3492 se
792 3428 957 3508 loquatur,
985 3429 1128 3511 judaeus
1159 3427 1344 3511 subjungat

145 3531 253 3597 solum
278 3533 442 3612 '„Amen“:
473 3530 579 3595 forma
602 3531 710 3612 valet,
735 3533 836 3596 debet
859 3536 971 3595 tamen
994 3531 1028 3595 in
1052 3532 1125 3612 ipsa
1147 3530 1253 3595 forma
1280 3549 1344 3611 reS,

145 3635 187 3700 de
211 3654 277 3715 qna
300 3635 490 3718 placitatur,
515 3635 691 3700 affirmatio
709 3635 763 3701 vel
780 3635 926 3716 negatio,
946 3653 1030 3714 quae
1047 3637 1089 3699 ad
1105 3635 1169 3699 hee
1185 3633 1342 3716 exigitur,

146 3740 293 3821 propriis
315 3740 428 3804 vorbis
454 3739 601 3819 exprimi.
625 3739 723 3803 Etsi
743 3739 887 3820 judaeus
911 3739 1011 3803 istam
1026 3737 1166 3803 formam
1182 3754 1344 3802 recusans

148 3841 238 3909 circa
258 3845 321 3926 jus,
345 3862 408 3923 quo
432 3843 665 3925 privilegiatus
690 3849 750 3925 est,
773 3862 809 3908 se
833 3843 971 3924 petierit
988 3842 1190 3923 conservari,
1213 3843 1275 3908 boc
1293 3849 1345 3906 est

150 3945 214 4012 sibi
236 3948 469 4040 favorabiliter
493 3949 748 4013 concedendum.

251 4071 325 4136 436.
349 4067 439 4157 (Bu.)
462 4069 512 4131 De
528 4069 664 4152 judaeis
687 4069 813 4130 ratione
837 4066 1011 4134 vulnerum.

251 4191 324 4254 437.
359 4191 409 4252 De
436 4189 570 4272 ,judeae
602 4198 755 4270 quantum
787 4188 832 4252 ad
861 4190 1097 4252 convictionem.
1132 4187 1284 4252 Judaeus
1311 4189 1345 4253 in

151 4290 237 4360 furto
261 4297 497 4375 deprehensus
522 4313 593 4359 oum
618 4312 727 4358 coram
752 4298 908 4373 praetore
931 4299 1150 4358 accusaretur
1178 4294 1218 4356 de
1245 4291 1344 4376 furto,
