3275 5009
288 341 323 392 94
805 339 970 394 Sententiae

289 547 468 628 dampnum
496 551 610 614 autern
636 549 796 614 bonorum
825 567 937 614 eorum
967 548 1117 614 domiuus
1150 549 1307 628 patietur.
1343 548 1427 614 Item
1452 548 1478 615 si

290 668 407 716 currus
423 651 466 715 ad
482 669 601 730 aquam
615 651 756 734 venerit,
780 670 867 733 quae
883 652 958 734 plus
974 652 1073 718 solito
1088 652 1302 720 inundaverit
1318 659 1353 718 et
1370 669 1478 718 excre-

288 755 387 832 verit,
404 754 470 820 nisi
486 760 603 822 vector
618 758 741 822 vadum
757 757 850 837 prius
866 756 1047 841 diligenter
1062 756 1229 823 examinet
1242 760 1277 822 et
1288 761 1436 837 quaerat,
1452 757 1478 822 si

288 877 410 940 aquam
432 859 613 926 intraverit
635 860 828 943 improvide,
852 881 912 943 pro
935 863 1086 944 dampno,
1109 862 1196 942 quod
1218 859 1373 943 inbonis,
1397 877 1478 940 quae

288 962 391 1048 ducit,
413 963 586 1048 acciderit,
610 981 726 1032 eorum
749 964 881 1032 domino
904 965 1129 1050 respondebit.
1220 1049 1224 1057 ξ

391 1120 466 1186 158.
490 1119 541 1183 De
565 1121 719 1202 dampnis
742 1119 884 1185 indebite
907 1123 1078 1206 captivati.
1115 1121 1178 1204 Qui
1208 1121 1309 1189 alium
1335 1120 1479 1188 indebite

289 1242 350 1306 per
357 1225 501 1309 judicem
512 1225 588 1306 capi
600 1229 767 1309 procurat,
775 1224 874 1308 Juxta
882 1227 1245 1310 juratorumdictamen
1255 1231 1290 1292 et
1300 1228 1479 1308 dampnum,

287 1330 376 1410 quod
400 1348 442 1394 ex
465 1329 666 1410 captivitate
689 1329 842 1412 percipit,
866 1330 930 1396 sibi
954 1336 1129 1412 componet
1150 1335 1186 1396 et
1208 1349 1268 1412 pro
1292 1327 1479 1397 confusione
1594 1361 1595 1380 ι

289 1435 449 1500 bonorum
482 1433 628 1499 virorum
660 1433 903 1499 intercessione
937 1434 1044 1516 ipsum
1078 1437 1244 1516 placatum
1276 1435 1423 1517 habebit,
1449 1439 1481 1499 et
1595 1448 1596 1451 ’

288 1537 435 1620 insuper,
458 1537 488 1604 si
511 1556 589 1603 reus
613 1538 709 1620 petit,
728 1537 858 1620 jurabit
880 1544 975 1604 tacta
990 1557 1098 1622 cruce,
1115 1541 1200 1619 quod
1217 1557 1291 1605 eum
1314 1558 1380 1606 non
1399 1534 1479 1604 malo

288 1644 363 1718 dolo
387 1643 619 1724 procuraverit
642 1643 817 1726 captivari.

395 1808 467 1874 159.
490 1808 542 1871 De
564 1809 719 1889 dampnis
742 1807 1002 1889 contingentibus
1025 1831 1086 1892 per
1107 1829 1228 1892 pecora
1243 1815 1273 1871 et
1287 1807 1357 1870 alia
1381 1807 1481 1872 bruta.

288 1911 325 1978 Si
348 1930 452 1995 pecus
475 1913 691 1979 domesticum
715 1914 803 1994 apud
828 1913 976 1979 homines
1004 1913 1131 1979 domari
1160 1918 1364 1994 consuetum,
1394 1913 1480 1978 aliud

288 2035 391 2100 pecus
419 2019 588 2096 domatum
609 2016 757 2098 laeserit,
796 2035 856 2096 pro
894 2015 956 2080 teli
987 2017 1136 2083 laesi0ne
1169 2017 1321 2084 dominus
1355 2017 1482 2098 pecoris
1595 2094 1596 2097 Ἴ

288 2120 463 2203 laedentis,
486 2119 560 2186 ‘nisi
592 2122 633 2186 (ie
663 2120 871 2204 negligentia
900 2120 1149 2188 rationabiliter
1182 2123 1335 2188 accusari
1369 2120 1482 2203 possit,

285 2225 391 2308 judici
414 2244 480 2290 non
503 2224 709 2308 obligabitur
722 2224 758 2290 111
774 2227 929 2308 emenda;
953 2227 1012 2291 ted
1028 2231 1104 2307 post
1119 2226 1258 2307 primam
1273 2226 1481 2292 monitIonem
1594 2219 1595 2244 ³

288 2329 345 2394 vel
373 2328 609 2408 querimoniam
643 2329 733 2394 dicto
765 2329 895 2396 domino
930 2331 1060 2411 pecoris
1082 2330 1250 2397 laedentis
1282 2330 1404 2396 factam
1429 2331 1481 2398 vel
1594 2339 1595 2342 ’

288 2438 420 2515 motam,
443 2431 660 2512 sequentibus
684 2432 824 2515 vicibus
848 2432 877 2499 si
899 2435 1076 2514 dampnum
1092 2453 1152 2515 per
1168 2454 1269 2516 pecus
1293 2454 1385 2502 sunm
1407 2434 1481 2500 aliis

288 2536 414 2602 factum
445 2535 558 2617 fuerit,
591 2536 669 2616 quia
695 2537 819 2621 judIciS
853 2541 1043 2604 mandatum
1072 2538 1209 2605 videtur
1242 2545 1482 2623 transgressae,

289 2640 408 2707 meritc
425 2639 596 2706 tenebitur
611 2640 746 2706 LXXII
761 2642 837 2707 hall.
861 2642 915 2710 vel
931 2645 1110 2708 secuudum
1127 2645 1213 2723 quod
1226 2644 1330 2726 jurati
1345 2644 1479 2711 adinve-

287 2745 400 2811 nerInt
424 2745 467 2809 ad
490 2747 669 2810 emendam.

393 2866 463 2951 (Au
485 2865 573 2932 idem
596 2867 729 2946 require
753 2885 856 2947 supra
881 2867 952 2949 „De
974 2873 1088 2934 actore
1112 2873 1148 2932 et
1170 2866 1275 2952 reo“.)

548 3108 791 3191 Capitulum
814 3109 934 3176 XVII:
966 3111 1026 3178 De
1050 3111 1231 3178 debitis,

395 3266 462 3328 160.
492 3265 537 3328 De
560 3265 677 3328 debitis
706 3278 860 3350 quantam
890 3269 933 3330 cd
960 3269 1068 3366 ¹orbam
1101 3277 1129 3330 et
1152 3289 1285 3330 oaorem
1307 3268 1343 3328 in
1363 3287 1480 3349 qaaere.

288 3369 422 3434 Mature
435 3369 597 3437 dictatum
611 3376 663 3436 est
679 3377 714 3438 et
730 3373 912 3440 cribratum
928 3375 983 3439 vie
998 3372 1092 3458 legis,
1108 3374 1195 3453 quod
1206 3372 1264 3439 vir
1278 3370 1480 3437 indebitatus

288 3478 325 3538 et
336 3492 417 3555 prae
433 3473 546 3555 inopia
562 3475 692 3542 solvere
709 3495 776 3541 non
791 3476 929 3560 habens,
945 3478 974 3543 si
990 3476 1161 3543 mulierem
1177 3477 1316 3542 divitem
1331 3475 1481 3541 absolute
1594 3495 1595 3498 ¹

289 3578 330 3642 de
352 3577 414 3644 hoc
437 3597 504 3642 non
527 3586 704 3645 caventem
727 3580 761 3644 in
785 3600 923 3649 uxorem
947 3583 1048 3664 ducii,
1071 3584 1113 3647 de
1133 3581 1230 3648 bonis
1253 3582 1419 3646 duntaxat
1440 3579 1480 3644 ad

289 3697 361 3745 eam
385 3682 632 3762 pertinentibus
656 3684 699 3750 ad
722 3685 914 3752 solvendum
946 3686 1059 3753 debita
1089 3685 1181 3768 prius
1212 3689 1395 3768 contracta,
1417 3699 1480 3748 uon

289 3785 455 3867 obstante,
479 3788 565 3864 qaod
589 3787 758 3871 reclamet,
783 3789 993 3871 compellitur
1011 3789 1146 3872 justitia
1164 3788 1340 3855 mediante.
1363 3786 1480 3854 Mulier

289 3886 376 3952 enim
399 3891 524 3953 ducens
555 3888 663 3954 virum
689 3891 796 3972 ipsum
827 3911 893 3958 nou
925 3894 1028 3960 solum
1058 3893 1132 3976 sibi,
1167 3895 1226 3959 sed
1258 3891 1360 3958 etiam
1389 3890 1478 3960 bouis

289 3990 359 4055 suis
383 3990 534 4056 omnibus
557 3992 591 4057 in
614 3998 779 4059 rectorem
813 3997 968 4076 praeficit
1001 4001 1036 4062 et
1069 3997 1280 4080 magistrum3
1313 3997 1356 4085 de
1389 3994 1479 4062 bonis

288 4111 369 4159 vero
393 4112 570 4175 puerorum
597 4097 675 4162 talis
706 4099 855 4164 mulieris
887 4100 974 4166 idem
1002 4102 1063 4183 vir,
1095 4119 1206 4166 eorum
1236 4099 1388 4183 vitricus,
1419 4096 1480 4165 nisi

288 4201 512 4283 consentiant,
523 4201 649 4266 nullam
660 4202 858 4268 solutionem
871 4209 982 4285 potest
993 4203 1105 4271 iacere
1119 4205 1313 4271 debitorum.
1325 4202 1360 4269 Si
1373 4191 1478 4269 autem

288 4308 427 4368 econtra
450 4305 568 4370 mulier
591 4323 719 4387 pauper
741 4306 833 4372 <lucit
856 4308 1012 4373 maritum
1034 4327 1089 4374 res
1111 4309 1299 4392 habentem,
1322 4308 1477 4374 derebus
