3275 5009
1376 272 1712 326 Brunenses.
2669 276 2737 325 47

557 480 660 545 67.
709 479 810 542 De
857 480 1206 543 advocante
1249 500 1372 562 pro
1435 500 1504 542 se
1565 480 1711 563 ipso
1774 478 1925 542 viva
1982 500 2147 546 voce.
2211 479 2304 545 Et
2358 483 2741 564 notandum,

339 585 519 665 quod
583 582 641 647 si
700 583 1066 648 advocatus
1129 581 1239 649 vel
1301 587 1493 650 actor
1552 583 1621 650 in
1684 586 2060 650 accusando
2122 602 2303 650 reum
2370 586 2466 650 010
2527 584 2741 651 dicet:

347 686 674 768 „Domine
741 689 968 771 judeX‚
1061 693 1199 754 tam
1274 706 1483 770 grave
1574 687 1814 756 vulnus
1904 689 2059 755 mihi
2152 688 2339 755 dedit
2428 689 2566 773 (vel
2641 689 2740 755 ita

343 792 654 875 graviter
719 809 823 857 me
883 791 1338 878 vulneravit‚),
1406 794 1489 860 de
1551 811 1680 873 quo
1741 811 1781 857 a
1842 792 1987 860 vita
2049 810 2258 873 usque
2318 795 2403 858 ad
2464 800 2742 859 mortem

341 896 703 978 perveni“:
766 914 918 962 reus
991 897 1122 963 erit
1187 899 1536 964 absolutus
1615 901 1685 964 et
1758 915 1892 963 non
1966 903 2239 963 tenetur
2314 899 2742 980 respondere.

341 999 518 1065 Item
589 1002 646 1067 si
717 1006 867 1084 post
935 1003 1061 1068 1100
1130 1003 1304 1068 idem
1370 1012 1558 1068 actor
1620 1004 1703 1068 de
1764 1002 2155 1068 vulneribus
2217 1002 2368 1069 aliis
2436 1002 2739 1070 diversos

341 1123 498 1171 reos
544 1106 825 1189 impetit,
870 1110 1061 1173 modo
1106 1108 1353 1191 debito,
1399 1125 1530 1173 non
1576 1113 1651 1173 ut
1695 1107 1879 1187 prius
1917 1112 2243 1173 mortuum
2276 1125 2350 1173 se
2382 1105 2741 1188 affirmanS,

344 1218 418 1277 et
456 1210 554 1276 illi
595 1209 774 1277 sicut
818 1212 1003 1292 prius
1049 1230 1235 1278 reum
1282 1212 1714 1292 quaesierint,
1760 1217 1983 1279 utrum
2028 1211 2455 1292 querimoniis
2501 1211 2741 1277 mortui

342 1316 755 1396 respondere
839 1317 1163 1381 debeant:
1243 1321 1404 1382 tunc
1480 1317 2026 1384 sententiandum
2103 1320 2208 1382 est
2283 1334 2402 1397 pro
2479 1319 2740 1397 actore3

345 1439 496 1486 cum
558 1421 728 1486 enim
778 1420 1056 1503 primum
1103 1437 1394 1486 errorem
1429 1437 1769 1485 revocans
1815 1421 1886 1487 in
1933 1419 2083 1486 aliis
2131 1419 2558 1500 querimoniis
2608 1437 2742 1484 non

343 1530 577 1592 tamen
636 1530 983 1608 mortuum,
1039 1527 1159 1590 sed
1214 1525 1555 1591 viventem
1619 1542 1695 1590 se
1753 1524 1845 1590 sit
1907 1523 2272 1606 confessae,
2335 1523 2433 1590 rei
2495 1526 2744 1590 debent

343 1630 492 1696 sive
539 1646 695 1696 reus
745 1632 947 1696 debet
991 1632 1075 1696 ad
1123 1648 1281 1695 suas
1328 1629 1775 1709 querimonias
1823 1630 2247 1711 respondere.
2307 1628 2501 1700 Circa
2565 1629 2742 1693 hunc

346 1751 576 1800 casum
625 1738 732 1800 est
775 1735 1154 1811 notandum,
1201 1736 1376 1815 quod
1422 1732 1585 1799 licet
1618 1752 1820 1815 supra
1856 1734 2210 1816 scribatur,
2242 1735 2417 1814 quod
2449 1737 2640 1798 actor
2672 1736 2742 1797 et

343 1856 506 1904 reus
530 1856 754 1904 coram
768 1837 1022 1918 judicio
1048 1856 1170 1918 per
1194 1857 1267 1903 se
1295 1855 1532 1903 causas
1561 1855 1717 1903 suas
1741 1840 2211 1919 proponentes,
2242 1836 2741 1904 revocationem

347 1945 724 2019 verborum,
773 1961 944 2022 quae
989 1943 1364 2027 vulgariter
1396 1942 1657 2010 holun
1676 1962 1720 2025 g
1752 1942 2016 2022 dicitur,
2046 1959 2177 2007 non
2207 1942 2489 2008 habent:
2519 1946 2742 2005 tamen

348 2047 407 2113 01
442 2048 513 2113 111
539 2046 866 2128 principio
915 2048 996 2112 de
1042 2048 1167 2112 1100
1201 2052 1504 2123 caveant,
1538 2050 1868 2129 petenteS,
1900 2063 2022 2128 per
2048 2046 2336 2130 judicem
2371 2044 2744 2128 hujusmodi

346 2151 866 2233 revocationem,
887 2151 1434 2217 deliberationem
1461 2159 1532 2217 et
1555 2151 1708 2233 alia,
1728 2169 1898 2231 quae
1918 2150 2231 2218 advocati
2252 2151 2745 2216 consueverunt
2813 2188 2817 2192 -

345 2272 470 2336 pro
494 2254 649 2336 jure
683 2257 974 2339 partium
1016 2256 1468 2337 praemittere,
1514 2254 1646 2321 sibi
1684 2256 1990 2321 concedi:
2037 2259 2195 2319 tunc
2242 2252 2300 2319 si
2343 2251 2600 2318 fuerint
2646 2252 2744 2318 eis

343 2359 630 2440 indulta,
681 2361 944 2426 ,habent
992 2359 1272 2442 singula,
1321 2377 1492 2439 quae
1540 2362 1928 2440 competunt
1974 2357 2323 2424 advocatis

712 2586 1205 2666 Capitulum
1253 2585 1400 2650 IV.:
1446 2585 1562 2650 De
1609 2584 2405 2667 appellationibus,

563 2723 742 2809 68.a)
810 2723 914 2787 De
973 2723 1534 2808 appellationibus
1597 2725 1666 2784 in
1709 2744 1958 2808 genere,
2034 2744 2230 2807 quare
2288 2723 2739 2784 admittantur.

343 2826 844 2911 Appellationis
906 2828 1265 2894 remedium
1324 2847 1457 2895 non
1519 2833 1625 2894 est
1687 2830 1772 2893 ad
1834 2827 2285 2895 defensionem
2344 2824 2745 2908 iniquitatiS,

347 2935 475 2999 sed
499 2933 587 2998 ad
617 2933 1045 2999 innocentiae
1076 2933 1478 3015 praesidium
1513 2932 1915 2998 institutum.
1960 2933 2152 3000 Unde
2184 2950 2224 2996 a
2248 2930 2746 3013 gravaminibus

345 3036 723 3122 illegitimis
772 3043 843 3102 et
889 3036 1143 3104 illicitis
1193 3036 1500 3103 civilibus
1549 3036 1942 3102 conceditur
1971 3036 2332 3118 appellare,
2365 3042 2434 3100 et
2463 3034 2746 3100 maxime

346 3142 408 3208 si
473 3141 647 3207 talia
709 3140 1101 3226 gravamina
1161 3146 1454 3224 vergunt
1513 3141 1582 3206 in
1643 3140 2123 3234 praejudicium
2178 3137 2599 3222 appellantis.
2654 3138 2747 3204 Et

348 3246 556 3313 etiam
607 3263 735 3311 non
783 3250 1067 3328 oportet,
1129 3247 1302 3325 quod
1363 3244 1710 3329 appellans
1772 3244 1941 3311 fixus
2003 3263 2225 3312 coram
2276 3243 2528 3327 judicio
2590 3247 2746 3326 stet,

345 3369 478 3418 1100
526 3351 761 3432 pedem
806 3351 891 3416 de
937 3350 1080 3417 loco
1125 3357 1411 3433 moveat,
1460 3350 1639 3416 sicut
1686 3349 1954 3430 quidam
2002 3349 2259 3429 volunt3
2306 3348 2452 3430 imo,
2492 3349 2551 3414 si
2582 3348 2746 3431 vult,

347 3452 754 3521 deliberatio
801 3463 909 3519 est
955 3454 1084 3520 sibi
1131 3456 1574 3530 concedenda,
1622 3461 1846 3520 utrum
1896 3454 2060 3520 velit
2108 3454 2251 3519 sive
2297 3454 2484 3518 nolit.

566 3609 742 3695 6812)
805 3611 903 3674 De
950 3611 1184 3694 forma
1248 3610 1741 3697 appellationisz
1799 3610 1911 3676 Sic
1988 3611 2460 3693 interponatur
2520 3610 2746 3693 appel-

348 3715 550 3781 latio:
602 3714 922 3796 „Domine
960 3715 1186 3799 judex,
1233 3714 1642 3785 sententiam
1687 3734 1728 3781 a
1767 3714 2014 3796 juratis
2077 3720 2313 3781 contra
2374 3733 2478 3780 me
2541 3715 2749 3785 latam

349 3837 584 3904 arguo,
632 3817 918 3884 offerens
963 3836 1068 3885 me
1113 3818 1451 3885 meliorem
1497 3821 1581 3884 ab
1629 3819 1741 3886 illo
1773 3819 1938 3900 1000,
1969 3839 2009 3884 a
2041 3837 2169 3899 quo
2202 3820 2462 3901 dejure
2493 3823 2748 3902 teneor,

347 3923 752 3989 illaturum.“
813 3923 909 3989 Et
950 3925 1081 3990 hoc
1127 3923 1416 4006 intelligi
1480 3925 1681 3990 debet
1734 3925 1815 3989 de
1846 3938 1849 3941 ’
1877 3923 2219 3989 sententia
2278 3941 2411 3989 non
2474 3925 2746 4008 scripta.

349 4027 427 4093 Si
489 4032 716 4093 autem
777 4026 995 4094 fertur
1049 4029 1324 4106 dejure
1371 4029 1640 4109 scripto,
1705 4026 1800 4093 sic
1864 4028 2079 4094 dicat:
2146 4027 2468 4109 „Domine
2522 4030 2749 4112 judex,

351 4129 783 4213 sententiam,
830 4150 1022 4212 quam
1063 4131 1276 4214 jurati
1325 4150 1408 4197 ex
1463 4132 1614 4215 jure
1678 4132 1926 4213 scripto
1988 4137 2224 4198 contra
2281 4150 2381 4198 me
2427 4134 2746 4210 tulerunt,

352 4237 579 4318 credo,
602 4234 795 4300 salva
819 4253 1047 4304 eorum
1072 4237 1473 4312 reverentia,
1500 4254 1583 4302 ex
1606 4237 1778 4303 malo
1806 4236 2185 4319 scripturae
2201 4237 2372 4320 juris
2397 4238 2747 4305 intellectu
