3275 5009
291 357 342 410 164
578 345 580 350 ’
805 356 969 410 Sententiae

288 583 350 646 pro
373 565 465 631 diota
489 563 629 646 pecunia
650 564 706 631 vel
729 564 849 645 quavis
869 564 938 632 alia
961 568 1072 647 eausa,
1087 564 1137 630 illi
1152 566 1276 631 debent
1291 567 1334 631 ad
1349 565 1487 648 obJeota.

289 669 469 736 secundum
487 667 655 748 justitiam
678 671 891 750 respondere.

392 802 466 872 394.
490 805 540 870 De
555 807 729 871 interdicto
743 816 879 873 mortuo.
902 807 941 872 In
958 806 1141 873 debitorem
1156 790 1320 873 mortuum
1335 808 1489 874 creditor

200 963 202 966 .
290 929 393 994 agere
417 929 483 977 non
506 914 627 993 potest,
651 927 722 977 oum
745 910 888 977 ulterius
908 911 1177 995 jurisdictionem
1200 911 1348 977 evaserit
1360 912 1482 994 judicis

288 1015 500 1098 temporalis;
532 1015 566 1081 in
601 1033 812 1095 possessores
847 1021 960 1081 autem
994 1019 1152 1082 bonorum
1185 1015 1332 1097 eiusdem
1361 1017 1482 1082 mortui

287 1123 401 1202 potest
424 1137 527 1202 agere
551 1119 648 1200 pleno
667 1120 753 1202 iure.

417 1310 663 1392 Capitulum
686 1308 837 1376 XXXV:
862 1307 921 1374 De
944 1310 1176 1376 invasione
1200 1312 1353 1377 domus.

391 1449 464 1515 395.
487 1448 538 1511 De
561 1448 727 1510 invasione
758 1447 870 1510 domas
901 1448 936 1509 in
964 1470 1086 1534 pervere.
1120 1447 1325 1533 Quicumque
1353 1450 1487 1514 domum

287 1553 426 1621 alterius
464 1552 575 1635 armis,
612 1550 766 1631 ballistis,
804 1554 949 1618 arcubus
983 1552 1038 1620 vel
1072 1553 1210 1621 alterius
1246 1552 1486 1634 cujuscumque

287 1657 436 1743 (generis
452 1659 553 1724 rebus
571 1649 714 1740 bellicis)
739 1656 917 1723 temerarie
938 1656 1098 1724 invadere
1115 1656 1385 1740 praesumpserit,
1401 1658 1483 1722 dato

286 1761 397 1846 etiam,
406 1763 493 1842 quod
502 1760 626 1828 nullum
635 1761 670 1826 in
678 1762 1071 1840 eavulneret:tamquam
1083 1762 1118 1826 in
1128 1760 1301 1827 homicidio
1314 1759 1488 1841 puniatur,

284 1865 397 1933 Debet
419 1870 529 1932 autem
550 1864 672 1946 hospes
694 1865 807 1930 domus
825 1864 1014 1930 invasorem
1029 1863 1165 1930 vincere
1182 1865 1309 1930 duobus
1325 1863 1481 1946 testibus,

284 1968 405 2038 vicinis
427 1969 496 2035 suis
520 1988 561 2034 ex
583 1975 725 2050 utraque
749 1977 848 2050 parte
870 1971 994 2050 domno,
1017 1968 1071 2034 vel
1094 1986 1168 2032 oum
1192 1986 1257 2034 uno
1280 1973 1375 2034 trans
1392 1968 1483 2033 viam

197 2140 199 2144 .
285 2078 320 2140 et
336 2075 480 2140 seeundo
498 2073 607 2140 vicino
623 2073 774 2152 elatem,
792 2073 848 2138 vel
864 2090 936 2138 oum
952 2070 1021 2137 solo
1034 2073 1166 2155 jurat03
1189 2077 1224 2136 et
1240 2071 1289 2136 sio
1305 2072 1481 2138 convietus

285 2183 321 2243 et
342 2195 403 2259 per
433 2176 596 2258 hospitem
627 2175 662 2241 in
691 2177 786 2242 domo
816 2175 966 2243 violenta
996 2194 1094 2242 manu
1126 2175 1221 2242 vivus
1247 2177 1301 2242 vel
1331 2184 1482 2242 mortuus

284 2283 451 2362 detentus,
474 2289 528 2346 est
549 2279 774 2346 decollandus.

387 2383 481 2466 Item,
509 2383 545 2449 si
575 2388 686 2449 autem
720 2384 856 2450 invasor
887 2384 928 2450 de
960 2387 1053 2450 domo
1084 2385 1265 2450 recesserit
1295 2389 1332 2450 et
1361 2388 1480 2463 postea

284 2507 395 2555 eoram
436 2487 563 2571 judicio
601 2505 639 2552 se
675 2487 887 2554 innocentem
930 2487 1044 2554 faeere
1081 2488 1236 2569 voluerit,
1282 2506 1356 2553 oum
1398 2487 1481 2554 viris

284 2592 413 2659 idoneis
444 2591 636 2658 mettertius
666 2591 701 2655 in
732 2608 831 2657 eruce
854 2609 890 2656 se
913 2592 1124 2675 expurgabit.
1148 2591 1184 2658 Si
1206 2598 1318 2660 autem
1340 2592 1480 2658 invasus

283 2697 383 2779 plano
406 2697 509 2778 modo,
532 2695 604 2761 sine
627 2693 783 2778 testibus,
815 2695 1053 2777 querimoniam
1083 2714 1185 2778 super
1213 2695 1319 2777 ipsum
1342 2693 1485 2761 feeeritz.

283 2801 372 2868 solus
411 2817 447 2866 se
482 2798 690 2882 expurgabit.
722 2799 793 2866 Nee
825 2801 926 2865 debet
956 2801 1077 2880 hospes
1108 2802 1221 2867 domus
1252 2801 1287 2866 in
1317 2801 1480 2867 movendo

282 2902 517 2986 querimoniam
539 2903 581 2968 de
603 2901 779 2970 invasione
802 2902 988 2984 praedicta,
1008 2920 1093 2983 quae
1109 2903 1223 2987 gravis
1239 2909 1293 2970 est
1307 2921 1475 2980 excessus,

281 3008 391 3075 facilis
424 3011 458 3074 et
492 3024 616 3090 pronus
649 3023 734 3090 esse,
765 3006 830 3073 imo
862 3009 903 3073 de
936 3007 1125 3074 testimonio
1157 3006 1345 3074 sufficiente
1377 3013 1480 3073 oaute

281 3113 347 3179 sibi
369 3113 472 3180 debet
491 3111 679 3193 providere.
710 3110 747 3177 ui
777 3109 864 3177 enim
898 3113 941 3178 ad
971 3113 1178 3193 probandum
1208 3130 1244 3178 se
1277 3110 1478 3194 obligaverit

281 3223 316 3283 et
348 3220 466 3298 postea
495 3214 734 3297 querimoniam
765 3234 857 3281 suam
891 3216 1037 3283 testibus
1067 3217 1210 3297 probare
1239 3235 1304 3282 non
1335 3215 1478 3296 poterit:

276 3319 383 3405 judici
406 3321 470 3386 duo
493 3319 623 3385 talenta
645 3323 681 3386 et
704 3337 804 3387 unum
829 3320 962 3387 civitati
984 3320 1094 3389 solvet
1117 3339 1176 3402 pro
1200 3322 1347 3387 emenda.

384 3423 431 3489 Et
453 3424 516 3489 hoo
537 3441 654 3491 verum
686 3428 740 3490 est
769 3425 811 3491 do
842 3424 958 3507 majori
986 3423 1161 3493 invasione
1191 3426 1315 3504 domus,
1346 3423 1380 3490 in
1410 3443 1474 3504 qua

280 3528 421 3595 vulnera
444 3530 522 3594 sunt
546 3526 737 3610 commissa;
760 3546 820 3610 pro
844 3527 961 3594 minori
991 3527 1174 3610 invasione,
1199 3526 1235 3593 in
1257 3545 1323 3608 qua
1345 3534 1474 3593 tantum

279 3635 384 3701 verba
407 3638 486 3698 sunt
509 3631 691 3714 commissa,
723 3637 820 3699 actor
850 3632 879 3697 si
909 3633 943 3697 in
974 3649 1076 3698 causa
1107 3634 1206 3711 eadit,
1234 3632 1343 3697 solvet
1370 3630 1475 3714 judiei

279 3741 409 3802 tantum
432 3734 567 3801 LXXII
590 3752 712 3816 parvos
739 3735 907 3802 hallenses
931 3753 991 3816 pro
1015 3739 1162 3803 emenda.

383 3893 458 3958 396.
480 3891 532 3956 De
555 3893 721 3956 invasione
744 3893 867 3972 domus,
890 3913 970 3976 quoe
986 3893 1029 3974 fit
1051 3894 1136 3956 iuter
1159 3900 1288 3958 amicos,
1323 3890 1360 3958 Si
1382 3908 1475 3974 uxor,

278 3999 421 4065 verbera
453 3995 563 4063 mariti
598 3995 728 4081 timens,
762 3993 799 4064 in
835 3997 964 4063 domum
994 3996 1102 4078 patris
1131 3997 1228 4082 fugit,
1259 4003 1294 4064 et
1324 3996 1472 4078 maritus,

279 4108 317 4167 ut
340 4104 382 4168 ad
406 4101 572 4184 propriam
596 4098 799 4166 mansionem
822 4117 895 4165 eam
918 4101 1106 4185 reduceret,
1128 4102 1164 4168 in
1182 4104 1311 4168 domum
1327 4103 1470 4184 ejusdem

279 4205 387 4273 soceri
410 4206 462 4273 sui
483 4203 673 4289 intraverit,
695 4203 953 4288 prohibitusque
983 4223 1044 4288 per
1074 4208 1246 4287 quemdam
1277 4204 1469 4284 inquilinum

279 4313 467 4390 donnana
490 4327 624 4377 uxorem
647 4309 682 4376 in
705 4309 862 4376 absentia
891 4309 1000 4392 patris
1032 4311 1104 4393 (qui
1134 4315 1214 4376 tuna
1245 4328 1310 4376 non
1340 4305 1478 4388 aderat}
