3275 5009
663 359 828 415 Brunenses.
1296 364 1344 418 121

151 567 279 634 nonnisi
301 567 373 634 XII
394 569 512 651 plagas
543 568 691 652 virgales
722 569 777 635 vel
806 569 995 653 huJusmodi
1026 569 1152 636 similes
1184 569 1346 652 dlacipulo

151 675 284 738 tenetur
307 671 442 761 inferre.

251 828 335 912 239,
347 828 417 891 240.
431 837 462 890 et
475 827 548 892 241.
567 825 618 891 Ι)1
630 827 762 891 emenda
775 828 983 911 torquentium
995 827 1136 912 judicem
1148 828 1345 912 oeljoratoe.
1371 867 1372 870 κ

150 931 329 999 Emendam
352 931 486 998 LXXII
509 950 688 1012 parvorum
712 931 831 1015 solvet,
866 930 959 1013 cujns
988 934 1172 1000 advocatus
1199 933 1345 1016 judicem

151 1036 201 1101 vel
219 1036 352 1118 juratos
375 1053 516 1116 arguere
540 1035 804 1117 praesumpserit
831 1039 866 1102 et
896 1038 939 1100 ad
969 1036 1032 1102 hoo
1063 1036 1217 1106 tacuerit.
1249 1037 1346 1105 Unde

150 1143 257 1217 nota,
282 1141 369 1218 quod
393 1138 512 1220 aliquis
544 1139 679 1221 gravius
711 1139 845 1205 excedit
875 1157 937 1219 per
970 1157 1006 1206 se
1041 1141 1215 1225 loquendo,
1249 1160 1346 1222 qnam

149 1246 262 1308 tacens
285 1244 321 1309 in
344 1246 447 1311 verba
470 1243 612 1310 alterins
636 1243 884 1310 consentIendo.
910 1244 1023 1310 Judex
1047 1262 1178 1325 qnoque
1200 1245 1288 1311 sicut
1311 1251 1346 1312 et

149 1353 261 1427 partes
283 1349 427 1414 tacendo
449 1351 564 1428 potest
585 1346 755 1429 negligere
780 1347 856 1430 Jnra
883 1364 952 1412 sue.

250 1502 324 1566 242.
350 1511 381 1563 et
403 1501 476 1567 243.
494 1500 545 1564 De
561 1502 693 1565 carenda
707 1499 843 1564 volentia
861 1497 996 1565 laedere.
1013 1499 1077 1584 Qui
1093 1501 1194 1568 alium
1209 1503 1345 1570 laedere

150 1605 253 1671 voluit
276 1609 314 1671 et
336 1623 402 1670 non
424 1604 534 1686 laesit,
558 1623 630 1670 eum
655 1605 790 1685 placare
813 1606 915 1671 debet
937 1603 1020 1672 viris
1042 1605 1210 1689 honestis,
1239 1607 1346 1689 jndici

150 1715 257 1775 autem
280 1710 426 1790 quinque
449 1729 497 1792 gr.
520 1707 722 1791 assignabit3
748 1714 783 1774 et
807 1727 866 1790 pro
890 1709 1082 1775 deviatione
1100 1709 1293 1794 Juramenti,
1315 1713 1345 1778 si

146 1812 260 1894 jurare
282 1813 362 1878 taIIs
385 1812 656 1895 praesumpserit,
676 1812 782 1895 judici
805 1813 925 1878 iterum
950 1813 980 1878 V
1002 1833 1048 1894 gr.
1073 1813 1176 1880 dabit.
1202 1815 1249 1879 Et
1272 1815 1345 1898 hoc,

145 1915 300 1998 jndicium
313 1916 457 1982 siluerit
470 1918 739 1998 peremptorinm3
752 1917 781 1982 si
797 1921 909 1982 autem
921 1936 986 1982 uon
998 1907 1062 1983 fuit
1074 1920 1341 2003 peremptorium,

149 2023 225 2087 tunc
247 2040 347 2087 unum
371 2040 522 2102 grossum
545 2026 677 2087 tantum
700 2025 837 2087 tenetur
859 2023 940 2087 dare
966 2019 1074 2104 judici
1105 2040 1162 2102 pro
1193 2026 1342 2089 emenda.

248 2124 295 2190 Et
327 2125 418 2190 circa
451 2125 550 2191 istam
588 2125 786 2206 particulam
827 2123 996 2215 subtiliter
1036 2125 1212 2208 colligitur,
1256 2132 1343 2208 quod

151 2230 273 2293 tantum
289 2231 510 2294 emendantur
522 2247 681 2295 excessus
697 2227 880 2294 voluntarIi
891 2251 898 2308 ;
909 2233 1021 2293 tamen
1034 2228 1064 2293 si
1081 2230 1193 2296 ebrius
1210 2249 1346 2311 operam

151 2333 239 2398 dedit
252 2333 303 2399 rei
318 2333 457 2400 illicitae
474 2348 509 2399 et
526 2333 669 2413 aliquem
686 2333 833 2414 laeserit,
849 2335 940 2398 laeso
957 2338 992 2398 et
1005 2333 1111 2416 judici
1127 2336 1170 2399 ad
1183 2338 1343 2402 emendas

152 2437 286 2515 debitae,
309 2442 346 2503 ut
368 2437 500 2520 patebit
523 2435 620 2517 infra,
643 2437 819 2518 obligatur.

249 2594 330 2674 244,
344 2593 417 2661 245.
428 2603 459 2655 ct
471 2593 543 2658 246.
560 2591 610 2656 Ι)1
623 2593 827 2657 emendarum
842 2593 1029 2676 prioritate.
1045 2591 1213 2660 Emendas
1222 2594 1344 2676 judicis

152 2698 244 2763 debet
255 2700 459 2780 praecedere
472 2696 659 2764 satisfactio
677 2697 770 2764 laesi.
793 2697 881 2764 Item
896 2695 925 2762 si
937 2715 996 2778 pro
1011 2697 1156 2763 emendis
1170 2704 1339 2778 portatum

152 2800 255 2886 luerit,
278 2810 412 2885 pactum
436 2802 553 2871 stabit.

249 2959 322 3026 247.
345 2957 434 3045 (Br.)
457 2959 508 3022 De
531 2959 671 3024 emendis
692 2959 870 3027 verborum.

247 3116 320 3184 248.
344 3114 433 3204 (Βν.)
457 3116 508 3180 De
529 3115 635 3181 uerbis
658 3137 770 3180 coram
784 3117 914 3202 judicio
933 3114 1087 3200 prolatio.

248 3276 321 3342 249.
338 3275 457 3342 11250.
473 3274 524 3337 De
540 3275 674 3339 emenda
690 3275 858 3358 vituperii.
873 3273 909 3340 Si
924 3272 1098 3356 acciderit,
1108 3272 1197 3353 quod
1207 3273 1341 3356 juratus

153 3381 258 3461 arguit
280 3380 423 3446 invicem
459 3398 496 3445 se
519 3380 752 3460 vituperantes
787 3383 822 3444 et
856 3383 970 3444 tacere
1006 3377 1167 3460 nolentes,
1202 3377 1342 3456 quilibet

153 3483 405 3564 vituperantium
428 3485 538 3550 solvet
568 3483 597 3546 V
623 3485 763 3565 talenta,
795 3488 829 3548 et
863 3483 893 3548 si
915 3483 1057 3571 juratus,
1071 3486 1173 3563 tacet,
1198 3479 1340 3561 quilibet

155 3586 255 3654 solvet
276 3607 385 3670 unum,
408 3576 444 3653 et
467 3587 600 3653 sufficit.
623 3588 719 3670 Item,
742 3588 797 3668 qni
813 3588 913 3651 alium
931 3604 1042 3652 coram
1056 3587 1177 3670 juratis
1193 3581 1346 3665 appellat

155 3689 357 3775 haereticum,
380 3691 453 3773 ipso
472 3691 537 3758 non
560 3692 728 3772 audiente,
744 3692 774 3757 V
790 3691 920 3758 talenta
936 3707 1114 3770 parvorum
1130 3691 1247 3772 solvet,
1263 3687 1341 3768 qula

158 3795 283 3862 consilio
310 3815 377 3862 non
401 3797 572 3878 pepercit3
594 3797 637 3863 de
668 3796 786 3876 quibus
817 3795 922 3861 tertia
951 3813 1030 3875 pars
1057 3793 1161 3877 judici
1193 3800 1230 3858 et
1256 3793 1340 3858 duae

157 3897 277 3966 civitati
301 3903 424 3966 cedant
439 3899 512 3981 ipso
524 3902 609 3985 jure.
632 3899 679 3965 Et
695 3901 723 3964 si
739 3901 930 3982 appellatus
946 3898 1136 3964 haereticus
1153 3896 1340 3977 reappellat

157 3999 239 4068 illum
261 4004 475 4086 haereticum,
503 4011 640 4086 propter
662 4006 725 4070 hoc
748 4005 927 4086 appellans
952 4021 1091 4084 poenam
1121 4001 1257 4067 talionis
1288 3999 1342 4064 vel

159 4109 315 4174 emendam
330 4107 486 4175 debitam
509 4126 576 4173 non
599 4110 729 4175 evadet.
754 4094 849 4191 Item,
873 4107 929 4186 qni
952 4126 1063 4173 eoram
1082 4105 1207 4189 jndicio
1224 4105 1340 4169 haere·

160 4206 250 4276 doum
271 4213 419 4279 nominat
449 4214 482 4279 in
513 4213 697 4293 exemplum
728 4208 878 4297 alicujus
908 4210 1017 4278 solvet
1048 4228 1147 4276 unum
1178 4208 1342 4274 talentum

161 4310 353 4384 denariorum
374 4337 561 4399 parvorum.
684 4348 685 4351 ¹
