3275 5009
677 343 844 398 Brunenscs.
970 349 973 355 '
1306 344 1360 400 155

153 551 265 616 XXX
290 567 428 634 marcas,
455 551 568 618 LXIV
598 569 733 636 grossos
762 570 824 633 pro
853 568 966 616 maroa
996 553 1227 632 computando.
1260 553 1358 637 Unde

155 655 291 721 habens
329 655 428 720 XXX
457 672 587 720 marcas
618 673 678 722 seu
709 672 905 738 sexagenas,
935 673 995 737 pro
1025 654 1201 721 homicidio
1232 657 1358 738 poterit

154 761 355 845 fidejubere.

269 915 378 1000 edat)
400 916 450 980 Do
473 917 643 980 homicidii
665 917 882 982 accuratiore.
906 915 958 983 De
980 917 1156 985 homicidio
1179 922 1360 984 accusatus

154 1017 283 1088 melius
307 1024 419 1102 potest
442 1020 545 1088 vitam
562 1026 597 1086 61
612 1020 835 1088 innocentiam
851 1040 945 1088 suam
960 1022 1113 1088 obtinere
1130 1027 1164 1089 et
1180 1023 1360 1088 ostendere

104 1165 106 1171 ·
154 1143 219 1204 per
239 1127 401 1209 juratum,
425 1144 523 1207 quam
546 1126 636 1212 vinci
658 1127 895 1208 periuratum.
927 1127 1022 1209 Item,
1052 1127 1081 1192 si
1111 1127 1186 1206 quis
1217 1125 1360 1207 simplici

153 1229 370 1309 querimonia
403 1249 463 1312 pro
496 1229 673 1296 homicidio
707 1235 886 1304 accusatus
920 1230 1033 1312 fuerit,
1064 1232 1155 1298 solus
1170 1290 1173 1295 .
1188 1234 1222 1297 in
1260 1247 1361 1295 cruce

155 1334 352 1414 poteritne
376 1353 571 1418 expurgare.

131 1553 134 1559 ,
270 1485 375 1575 sela)
398 1489 449 1552 De
472 1489 642 1552 homicidii
663 1499 778 1553 actore.
804 1491 964 1575 Quamvis
975 1498 1071 1558 actor
1086 1497 1175 1557 mota
1188 1510 1246 1572 pro
1259 1489 1362 1558 homi·

155 1594 249 1662 cidio
277 1595 491 1681 querimonia,
514 1595 643 1680 signum
668 1596 856 1680 occisionis,
878 1595 1066 1680 vulgariter
1084 1598 1210 1662 dictum
1232 1597 1359 1662 leich-

158 1700 372 1783 zeychen,
400 1719 509 1766 eoram
537 1700 661 1782 Judioio
697 1720 764 1768 non
798 1701 965 1777 exhibeat,
998 1719 1060 1767 nec
1089 1702 1183 1767 *intra
1218 1691 1364 1780 quatuo'r

157 1804 287 1871 sedilia
311 1810 422 1887 ponat,
456 1810 568 1870 tamen
592 1814 729 1887 propter
752 1807 814 1870 hoc
838 1824 916 1871 reus
939 1805 1195 1872 sententiandus
1218 1823 1284 1870 non
1309 1809 1362 1869 est

155 1909 348 1976 absolutus.
383 1909 477 1992 Item,
510 1911 567 1991 qui
605 1930 663 1992 pro
695 1909 871 1977 homicidio
904 1912 978 1975 vult
1011 1910 1234 1977 innocentiam
1268 1918 1362 1983 suam

157 2016 343 2080 ostendere
356 2014 411 2079 vel
423 2013 488 2079 vim
504 2013 539 2080 vi
553 2014 728 2097 repulisse,
744 2017 833 2094 quod
843 2014 1030 2098 vulgariter
1041 2015 1165 2080 dieitur
1180 2018 1363 2084 notwe'r:

151 2119 291 2204 jurabit
324 2117 554 2198 metseptimus
591 2119 812 2200 probabilium
842 2119 998 2202 virorum,
1031 2119 1134 2185 inter·
1159 2136 1241 2199 quos
1274 2134 1363 2182 unus

157 2223 206 2290 sit
246 2225 289 2288 de
316 2221 450 2308 juratis
479 2223 534 2287 vel
563 2223 636 2290 loco
662 2223 768 2306 ‚iurati
801 2229 890 2289 sunt
910 2225 973 2290 duo
1004 2223 1063 2289 alii
1092 2223 1252 2306 fidedigni
1287 2222 1363 2299 viri,

156 2327 333 2410 propriam
357 2327 519 2393 habentes
553 2326 780 2405 residentiam,
811 2329 874 2393 hoc
905 2334 958 2394 est
986 2326 1021 2393 111
1055 2327 1187 2410 vulgari
1220 2327 1365 2394 dicendo

158 2450 311 2497 czwen
334 2449 546 2515 gezessen
568 2449 667 2513 man,
690 2436 725 2496 61
748 2429 796 2496 sic
821 2431 887 2497 erit
916 2437 1136 2498 metoctavus.
1171 2494 1173 2497 ,

273 2585 387 2672 36111)
421 2585 472 2648 De
495 2586 668 2649 homicidio
700 2597 854 2670 quondum
877 2587 923 2651 ud
936 2590 1168 2672 juramentum.
1199 2589 1364 2656 Jurantes

159 2711 223 2774 pro
249 2691 425 2757 homicidio
456 2690 737 2757 restaurationem
759 2692 854 2775 juris,
878 2711 963 2773 quae
985 2691 1173 2776 vulgariter
1202 2693 1366 2776 holong

160 2798 300 2878 dicitur,
313 2815 378 2862 non
393 2796 536 2875 habent3
551 2796 639 2860 unde
656 2814 727 2861 cum
740 2797 841 2877 iudex
853 2796 1007 2862 coneedit
1023 2798 1174 2877 partibus
1189 2797 1363 2879 „holung“,

160 2902 227 2968 hoc
242 2905 296 2966 est
307 2899 567 2982 intelligendum,
581 2904 740 2979 quantum
757 2897 800 2965 ad
816 2895 1117 2981 proclamationem·
1126 2900 1365 2982 querimoniae,

161 3003 404 3088 responsionis,
431 3002 666 3069 nominationis
699 3004 838 3071 testium
873 3003 928 3072 vel
961 3003 1100 3070 aliorum
1134 3002 1372 3086 consimilium,

162 3125 252 3189 quae
276 3113 504 3188 prolocutores
529 3111 726 3190 proponunt
743 3110 803 3174 sed
819 3125 886 3173 non
902 3113 1061 3188 quantum
1076 3110 1119 3174 ad
1135 3108 1363 3174 reiterandum

158 3215 395 3296 ¹juramentum.
418 3213 483 3277 Sed
507 3213 739 3277 notandum
755 3219 877 3289 tamen,
892 3215 979 3293 qnod
995 3213 1179 3292 Antiquum
1192 3212 1249 3294 jus
1266 3213 1366 3280 civile

161 3319 283 3384 habet:
308 3316 365 3398 ,Si
387 3317 481 3381 homo
505 3315 676 3397 impetitur
698 3316 842 3398 simplici
876 3317 1081 3396 querimonia
1104 3337 1164 3398 pro
1187 3316 1366 3383 homicidio

163 3429 245 3487 ante
269 3421 389 3486 multos
414 3437 518 3485 annos
548 3427 752 3504 perpetrate,
784 3421 838 3486 vel
870 3421 905 3485 in
934 3420 999 3487 alio
1025 3421 1151 3506 Judicio
1182 3421 1364 3503 commisso,

163 3527 220 3592 vel
244 3526 339 3608 cujus
362 3523 460 3589 funus
485 3524 643 3616 etoccisi
666 3527 807 3618 vulnera
826 3526 932 3608 jurati
955 3545 1021 3592 non
1037 3533 1290 3614 perspexerunt,
1307 3525 1365 3591 ille

153 3617 309 3711 ‘simplici
347 3627 536 3707 juramento
578 3648 614 3693 se
656 3629 857 3712 expurgabit
898 3635 933 3695 et
974 3630 1097 3713 holung
1138 3629 1283 3695 habebit.
1316 3629 1366 3694 Et

165 3733 274 3800 simile
298 3731 499 3815 intelligitur
523 3737 564 3798 de
587 3733 912 3816 lreymsuclrung
935 3739 969 3799 61
994 3751 1133 3800 excessu
1156 3735 1298 3821 aequali.

274 3887 348 3954 368.
381 3889 430 3952 De
464 3891 637 3953 homicidio
672 3900 826 3976 querulum
856 3893 900 3955 od
922 3899 1050 3955 notator.
1083 3889 1107 3956 J
1115 3904 1191 3956 ura
1226 3889 1365 3974 Origi-

165 3992 287 4060 nalia
321 3993 452 4061 dieunt:
489 3993 545 4078 „Si
579 3993 692 4076 aliqua
725 3995 809 4063 levis
840 3999 875 4062 et
905 3994 1084 4061 inhonesta
1115 4013 1258 4075 persona
1289 4013 1364 4061 ver·

167 4100 289 4164 1161116
305 4097 406 4166 fuerit
422 4149 428 4164 .
445 4150 452 4165 .
469 4103 494 4165 .“
520 4099 668 4178 aliquem
680 4099 836 4166 offendat.
856 4099 992 4181 Super
1016 4118 1095 4179 quo
1120 4101 1366 4167 notandum:

168 4200 263 4284 Quod
286 4189 351 4280 ille,
374 4221 394 4267 a
418 4221 481 4282 quo
506 4204 598 4286 origo
623 4210 657 4269 et
680 4204 810 4270 initium
835 4202 1060 4271 contentionis
1076 4202 1236 4284 procedit,
1251 4204 1366 4284 potius

165 4305 312 4373 offensor
335 4326 432 4387 quam
457 4306 613 4373 defensor
636 4311 689 4372 est
713 4308 909 4389 censendus,
931 4307 1010 4386 quia
1036 4306 1271 4385 defensionem,
1295 4308 1366 4374 vul·
