3275 5009
272 341 309 391 44
789 335 952 391 Sententiae

272 546 464 613 Heredibus
487 550 607 623 autem,
631 544 689 625 qui
715 548 874 611 absentes
902 549 990 627 sunt,
1021 563 1160 626 quorum
1193 542 1397 626 propinquus
1428 563 1470 612 ex

271 650 412 716 vulnere
446 656 595 716 mortuus
631 655 691 727 est,
725 669 788 716 uon
821 647 927 714 currit
956 654 1089 729 tempus
1120 647 1202 714 dicti
1233 648 1336 713 tridui
1366 666 1386 713 a
1417 650 1470 715 die

272 753 525 836 vulneratione,
559 755 618 819 sed
648 772 669 819 a
699 754 753 820 dia
784 753 936 835 notitiae,
968 769 1031 832 quo
1062 753 1275 819 vulneratum
1305 757 1470 817 mortuum

271 861 511 941 cognoverunt,
547 864 582 923 et
615 858 725 924 adhuc
759 858 840 924 illud
875 858 1056 922 secuudum
1089 854 1284 922 distantiam
1316 860 1350 921 et
1383 874 1468 923 com·

271 966 410 1045 modum,
443 961 588 1042 qualiter
616 961 763 1043 judicem
798 963 964 1027 commode
999 962 1161 1027 accedere
1192 964 1385 1043 potuerunt,
1417 966 1469 1027 est

269 1067 537 1133 mensurandum.

374 1225 426 1289 57.
453 1220 568 1284 Utrum
591 1219 697 1283 tribus
719 1218 845 1284 vicibus
869 1221 907 1283 de
922 1221 1022 1303 furto
1053 1228 1220 1284 accusatas
1251 1228 1370 1301 quarta
1401 1222 1469 1283 uice

266 1328 393 1413 poterit
414 1349 447 1389 se
470 1346 666 1409 ropinqua-e.
690 1323 726 1391 si
748 1342 826 1390 reus
850 1322 958 1390 tribus
982 1323 1110 1390 vicibus
1135 1342 1198 1389 uuo
1223 1323 1276 1389 die
1299 1322 1334 1388 iu
1351 1326 1467 1390 eodem

265 1430 394 1515 judicio
416 1451 436 1496 a
451 1430 601 1511 pluribus
618 1427 789 1494 actoribus
804 1427 903 1492 simul
920 1429 960 1492 de
975 1425 1065 1493 furto
1082 1432 1142 1493 111
1157 1426 1261 1509 spolio
1279 1433 1467 1510 accusatur,

270 1538 305 1601 et
328 1533 455 1601 totiens
478 1551 515 1599 se
538 1550 693 1616 purgans,
717 1551 783 1597 uon
805 1537 919 1613 potest
938 1537 1057 1612 quarta
1073 1532 1148 1599 vice
1164 1551 1224 1615 par
1240 1532 1466 1599 testimouium

268 1638 359 1705 vinci
381 1657 481 1720 super
505 1636 644 1717 eisdem,
667 1655 708 1703 ex
732 1653 779 1718 eu,
797 1638 884 1715 quod
900 1640 1032 1701 actores
1050 1636 1145 1703 simul
1161 1642 1315 1704 astantes
1328 1636 1466 1720 judicio,

268 1761 361 1808 reum
400 1761 421 1807 a
457 1742 531 1825 jure
570 1739 630 1807 suo
667 1741 780 1824 rigore
821 1739 976 1826 justitiae
1014 1757 1079 1805 non
1117 1741 1322 1824 repulerunt,
1364 1758 1462 1822 quae·

268 1851 392 1930 nautea,
426 1852 536 1913 utrum
566 1864 628 1928 per
649 1851 758 1913 testes
787 1864 862 1910 eum
892 1845 1028 1911 vincere
1059 1847 1206 1925 possent,
1236 1844 1325 1910 sicut
1348 1846 1463 1913 ultimo

266 1951 379 2017 facere
414 1951 619 2018 nitebantur.
654 1950 875 2031 Gaudereque
911 1950 996 2014 enim
1016 1947 1092 2030 jura
1117 1948 1182 2015 sibi
1204 1964 1364 2015 concesso
1387 1950 1465 2017 talis

266 2055 386 2121 merito
420 2057 551 2139 debeat,
585 2055 727 2120 maxime
758 2072 832 2119 cum
862 2051 908 2119 sit
933 2052 1126 2134 inculpatae
1150 2050 1271 2135 famae,
1301 2060 1464 2120 consonat

266 2158 439 2238 aequitati.
463 2158 499 2225 Si
522 2147 638 2225 autem
657 2159 801 2238 aliquam
825 2162 938 2223 uotam
961 2156 1108 2223 criminis
1127 2156 1220 2237 prius
1236 2158 1463 2225 contraxisset

266 2267 303 2327 11
324 2262 387 2329 hoc
412 2263 514 2343 primo
538 2267 656 2329 contra
679 2280 752 2327 eum
776 2265 952 2343 probatum
975 2259 1112 2327 luisset:
1139 2258 1281 2327 forsitan
1310 2261 1381 2343 juri
1404 2280 1462 2328 suo

266 2366 507 2450 praejudicium
529 2367 705 2449 irrogaret.
729 2366 794 2432 Est
815 2370 929 2431 tamen
950 2364 1227 2430 considerandum
1243 2365 1333 2431 circa
1350 2384 1462 2432 casum

265 2470 362 2547 hunc,
397 2472 484 2551 quod
516 2470 595 2536 talis
627 2470 798 2536 accusatio
829 2469 959 2537 vicibus
989 2468 1098 2534 tribus
1129 2486 1189 2551 per
1221 2467 1335 2551 plures
1367 2468 1462 2535 simul

264 2574 356 2641 lacta
380 2593 422 2639 ex
445 2575 520 2641 dolo
542 2574 677 2639 videtur
700 2574 845 2641 evenire.
875 2573 912 2638 Si
940 2592 976 2639 se
1000 2573 1207 2655 purgaverit,
1239 2578 1360 2653 quarta
1389 2573 1461 2641 vice

266 2697 327 2761 per
348 2680 437 2745 tales
460 2678 687 2745 testimonium
710 2684 827 2744 contra
850 2695 886 2743 se
910 2695 1078 2757 uunquam
1102 2676 1259 2759 patietur,
1275 2678 1354 2757 quia
1369 2676 1460 2744 fraus

264 2788 301 2848 11
337 2782 432 2849 dolus
467 2782 549 2848 nulli
580 2784 704 2848 debent
734 2782 956 2864 patrocinari;
991 2782 1065 2847 ideo
1096 2781 1182 2847 tales
1213 2786 1346 2847 actores
1375 2782 1459 2847 malo

248 2887 409 2969 ipsorum
433 2887 603 2969 proposito
626 2888 744 2953 merito
768 2890 847 2953 suut
869 2886 1057 2953 fraudandi.

368 3050 460 3137 aaa)
490 3049 605 3113 Utrum
635 3053 799 3115 accusatio
840 3050 903 3114 VII
922 3052 1050 3116 testium
1082 3049 1285 3115 credibilium
1315 3052 1459 3113 uirorum

259 3157 374 3238 potior
396 3158 441 3217 sit
463 3156 644 3218 testimonio
673 3178 730 3219 aaa
761 3158 965 3218 accusatione
996 3154 1234 3216 communitatis
1263 3156 1362 3216 unius
1387 3153 1458 3221 loci.

263 3260 452 3325 Accusatus
477 3262 518 3326 de
541 3260 694 3326 incendio
719 3261 773 3327 vel
797 3263 838 3327 de
862 3260 1025 3326 consimili
1056 3258 1194 3325 crimine
1224 3258 1315 3325 vinci
1347 3264 1460 3341 potest

263 3382 325 3444 per
346 3363 414 3430 VII
436 3368 544 3429 testes
567 3364 712 3447 idoneos,
736 3365 814 3444 quia
837 3381 993 3431 uumerus
1017 3363 1229 3443 septenarius
1253 3364 1459 3429 1111111111-

261 3468 390 3533 stantia
410 3467 505 3551 Juris
527 3466 624 3533 Unde
646 3486 712 3533 nou
733 3472 875 3551 oportet,
890 3470 977 3549 quod
994 3473 1131 3548 propter
1145 3466 1348 3547 superfluum
1364 3468 1458 3532 testi-

261 3572 406 3637 monium
430 3572 678 3638 communitatis
701 3572 822 3653 aliquis
846 3571 1039 3650 suffocetur3
1063 3570 1243 3636 difficulter
1265 3570 1351 3655 enim
1374 3590 1458 3638 unus

261 3681 368 3753 actus,
378 3695 441 3741 uuo
453 3676 525 3741 loco
539 3675 975 3758 111111111111111111,1
988 3673 1233 3740 communitatis
1246 3673 1458 3742 multitudiue

262 3779 357 3845 nosci
368 3784 490 3860 potest.
502 3780 549 3844 Et
560 3780 609 3845 sic
622 3781 724 3845 etiam
736 3780 930 3845 credibilius
944 3777 1458 3845 11111111111111111111111111111

261 3900 322 3965 pro
346 3883 456 3963 aliquo
479 3883 592 3950 saltim
615 3884 778 3967 singulari
801 3889 887 3961 actu,
912 3901 1009 3963 quam
1031 3883 1258 3955 testimouium
1270 3882 1458 3963 juratorum

261 3986 405 4068 plurium
428 3986 604 4053 civitatum
629 4006 687 4069 pro
711 3989 826 4053 eodem
850 3992 935 4053 actu.
961 3987 1054 4053 Unus
1078 3986 1163 4052 enim
1186 3992 1284 4051 actus
1301 4005 1321 4051 a
1332 3986 1458 4071 J'uratis

261 4092 410 4177 ejusdem
434 4091 499 4156 loci
522 4094 607 4158 bene
637 4091 763 4173 percipi
793 4099 915 4173 potest,
945 4093 1004 4157 sed
1033 4093 1118 4170 quod
1149 4110 1169 4157 a
1194 4088 1319 4172 juratis
1348 4091 1458 4157 diver·

260 4214 373 4263 sorum
394 4195 542 4262 locorum
565 4214 670 4276 aeque
693 4198 779 4261 bene
812 4195 1016 4278 percipiatur
1045 4194 1100 4261 vel
1130 4194 1179 4261 111
1209 4194 1306 4275 plene
1338 4212 1459 4278 cogno·
1534 4208 1537 4217 ·

262 4304 386 4382 111111,
411 4299 473 4364 hoc
496 4299 632 4367 videtur
654 4302 842 4366 absurdum.
