3275 5009
709 394 881 447 Brunenses.
1342 393 1396 447 259

195 589 307 686 debet,
330 603 360 667 si
382 602 537 669 fortassis
559 620 622 683 per
646 602 752 684 ipsam
782 602 902 683 aliqua,
928 603 970 667 de
997 600 1117 683 quibus
1133 601 1255 668 oblitus
1271 600 1393 685 fuerat,

197 707 328 789 publice
361 706 427 772 sibi
461 709 505 773 ad
537 706 728 773 memorium
762 712 974 787 revocantur,
1011 705 1257 787 depositionem,
1292 723 1390 785 quam

196 811 289 894 prins
310 809 402 893 fecit,
423 811 575 877 addendo
598 810 653 877 vel
669 811 845 877 minuendo
866 810 1029 894 corrigat:
1046 818 1158 875 tamen
1175 815 1312 891 propter
1328 809 1391 875 hoc

196 915 287 996 parti
309 916 370 979 tali
392 915 517 982 nullum
539 916 782 999 praejudicium
805 921 998 999 generatur.

301 1074 374 1138 679.
416 1070 509 1144 Quod
551 1082 644 1137 testea
681 1075 791 1157 jurati
828 1082 858 1135 et
896 1071 1026 1134 scabini
1069 1092 1132 1132 aon
1169 1071 1390 1139 nominantur,

195 1176 347 1257 Antiqua
369 1179 572 1243 consuetudo
591 1176 680 1258 juris
702 1176 812 1244 civilis
836 1178 949 1261 habet,
967 1178 1054 1257 quod
1070 1175 1100 1241 si
1115 1193 1192 1257 pars
1207 1174 1336 1257 obligat
1352 1192 1388 1241 se

195 1283 240 1347 ad
263 1283 464 1363 probandam
488 1300 622 1348 causam
646 1300 739 1347 suam
762 1300 823 1364 per
846 1282 1027 1363 scabinum,
1051 1299 1117 1346 non
1135 1285 1279 1362 oportet,
1303 1280 1390 1359 quod

194 1404 270 1452 eum
306 1386 454 1451 nominet
490 1385 625 1467 proprio
662 1387 803 1467 nomine,
841 1387 930 1453 sicut
966 1386 1024 1453 alii
1061 1390 1169 1452 testes
1205 1384 1240 1449 in
1279 1382 1390 1449 causis

195 1489 401 1575 quibusdam,
424 1496 604 1571 antequam
626 1496 829 1574 statuantur,
853 1490 1014 1557 nominari
1032 1492 1286 1555 consueverunt.

301 1647 375 1715 680.
397 1646 491 1718 Quod
513 1649 731 1711 testimoniam
745 1652 937 1732 ,juratoriam
958 1668 1019 1731 per
1041 1646 1267 1728 alioajarotos
1286 1642 1391 1727 repel-

196 1748 296 1816 lator.
319 1750 423 1833 Virgo
447 1753 609 1830 quaedam
633 1753 860 1833 quaestionem
886 1751 988 1818 movit
1011 1750 1108 1817 uxori
1129 1749 1246 1815 fratris
1263 1748 1315 1813 sui
1330 1765 1390 1829 pro

192 1854 341 1933 quinque
371 1856 548 1937 sexagenis
578 1857 692 1937 debiti,
720 1856 844 1939 dicens,
876 1857 962 1935 quod
993 1856 1131 1920 eandem
1162 1852 1391 1933 quaestionem

193 1958 370 2024 verificare
394 1959 497 2024 vellet
519 1960 710 2026 testimonio
737 1962 935 2044 juratorum.
964 1959 1036 2025 Rea
1065 1948 1146 2023 vero
1178 1957 1392 2040 negationem

192 2064 421 2143 praetendens
452 2064 635 2147 respondit,
669 2068 756 2145 quod
791 2065 946 2130 similiter
979 2061 1171 2129 testimonio
1201 2062 1390 2145 juratorum

192 2165 419 2235 innocentiam
443 2186 535 2234 suam
559 2171 789 2235 demonstrare
812 2169 926 2250 vellet,
958 2172 1078 2249 petens
1101 2184 1160 2247 pro
1184 2184 1220 2231 se
1245 2163 1390 2247 diffiniri,

193 2276 306 2335 utrum
341 2290 402 2352 per
431 2272 562 2354 juratos
592 2290 658 2339 non
691 2272 799 2354 possit
832 2272 949 2339 melius
982 2274 1069 2337 bona
1104 2288 1165 2336 sua
1199 2268 1389 2352 defendere,

192 2392 296 2453 qnam
317 2394 377 2456 per
396 2376 528 2457 juratos
561 2377 673 2443 vinci?
707 2376 816 2459 Super
850 2396 913 2458 quo
946 2374 1269 2441 sententiatum
1303 2372 1389 2439 luit

193 2496 256 2560 pro
279 2478 419 2563 virgine,
446 2482 532 2559 quod
556 2482 666 2562 potius
691 2500 780 2547 suam
804 2480 1058 2547 affirmationem
1082 2481 1224 2559 probare
1251 2479 1390 2544 deberet

193 2600 258 2663 per
279 2584 440 2661 scabinos,
464 2603 561 2664 quam
584 2603 642 2650 rea
662 2603 755 2651 suam
771 2586 993 2669 negationem,
1009 2600 1095 2664 quae
1112 2581 1239 2649 directe
1258 2584 1391 2661 probari

195 2704 262 2752 non
290 2692 411 2768 potest.
433 2724 477 2736 —
500 2689 604 2754 Secns
635 2696 744 2754 autem
776 2694 878 2770 esset,
908 2688 938 2753 si
969 2688 1104 2769 negatio
1137 2685 1390 2752 affirmationem

195 2791 338 2856 haberet
359 2792 533 2874 inclusam,
556 2793 643 2860 sicut
668 2813 696 2857 v.
719 2814 767 2877 gr.
792 2797 822 2858 si
845 2811 903 2858 rea
923 2790 1081 2858 dixisset:
1107 2790 1278 2874 „Quinque
1295 2808 1390 2855 sexa·

193 2912 301 2977 genas
323 2898 474 2980 tenebar,
497 2915 580 2975 quas
613 2899 709 2962 modo
742 2916 808 2962 non
842 2903 967 2973 teneor,
1002 2895 1080 2975 quia
1115 2892 1269 2976 persolvi,
1303 2893 1389 2973 quod

193 3000 337 3081 probare
360 3000 435 3066 volo
459 3001 649 3066 testimonio
671 3003 888 3084 juratorum.“
915 3000 1009 3065 Tunc
1025 2999 1110 3065 enim
1128 2998 1199 3081 ejus
1222 2996 1391 3079 allegatio,

193 3121 291 3183 quam
314 3123 374 3184 pro
397 3103 591 3171 defensione
613 3108 771 3171 bonorum
795 3103 1004 3186 interposuit,
1028 3101 1235 3167 admittenda
1257 3099 1388 3183 fuisset,

193 3225 257 3273 nec
289 3217 401 3273 tamen
433 3213 568 3290 propter
601 3210 663 3275 hoc
699 3209 795 3289 primi
830 3207 958 3274 scabini
991 3205 1118 3287 repulsi
1153 3204 1296 3272 luissent
1330 3222 1391 3285 per

192 3313 376 3393 secundos;
398 3313 448 3379 ita
471 3333 525 3397 sc,
549 3317 635 3395 qnod
660 3316 840 3396 primorum
862 3311 1089 3379 testimoninm
1119 3310 1240 3377 fuisset
1270 3309 1391 3375 falsum

187 3416 392 3499 judicatum3
427 3438 501 3484 nam
536 3418 584 3484 sic
619 3427 672 3484 est
707 3418 842 3484 difficile
875 3417 1005 3500 juratos
1029 3415 1202 3497 repellere.
1236 3415 1332 3481 Unde
1356 3418 1391 3479 et

196 3521 296 3602 primi
319 3527 355 3586 et
378 3522 516 3588 secundi
539 3542 599 3604 pro
622 3522 766 3588 diversis
786 3522 992 3603 temporibus
1009 3539 1090 3586 vera
1106 3518 1227 3585 testari
1243 3522 1390 3598 possunt.

298 3624 345 3689 Et
367 3626 522 3693 similiter
544 3633 578 3692 in
602 3628 713 3691 causis
736 3627 918 3692 vulnerum.
948 3624 984 3691 Si
1007 3624 1119 3706 plures
1150 3622 1278 3687 scabini
1302 3620 1389 3687 sedi·

194 3728 347 3794 tionibus
383 3735 418 3795 et
453 3732 574 3813 pugnis
607 3732 823 3811 interessent,
856 3748 994 3809 quorum
1027 3728 1128 3806 aliqui
1166 3726 1325 3806 dicerent,
1356 3742 1392 3789 se

194 3832 321 3898 vidisse
345 3834 446 3900 talem
469 3854 490 3901 a
513 3835 575 3900 tali
600 3834 810 3901 vulneratum
834 3852 923 3915 esse3
946 3832 1004 3897 alii
1028 3836 1139 3896 autem
1163 3830 1323 3911 dicerent,
1354 3846 1390 3893 se

193 3953 260 4001 non
284 3937 420 4021 vidisse,
451 3940 561 4019 potius
593 3944 705 4003 statur
734 3937 925 4003 testimonio
956 3955 1077 4018 eorum,
1110 3933 1167 4014 qui
1197 3932 1390 3998 affirmando

193 4040 324 4124 dicunt,
347 4059 383 4107 se
409 4039 545 4125 vidisse,
568 4059 665 4122 quam
689 4059 809 4121 eornm,
834 4040 890 4120 qui
914 4050 1050 4121 negant,
1085 4055 1122 4103 se
1158 4055 1223 4101 non
1257 4036 1391 4103 vidisse.

193 4144 302 4210 Secus
326 4150 437 4211 antem
460 4150 523 4227 est,
546 4146 574 4210 si
598 4144 804 4228 allegaretur
824 4142 972 4209 defensio
992 4142 1157 4223 „notwer“
1177 4142 1276 4223 vulgo
1292 4140 1391 4207 dicta.

192 4248 243 4314 Et
265 4250 396 4329 quando
419 4249 499 4314 talis
522 4265 619 4313 casus
644 4249 781 4329 occurit,
813 4249 847 4313 in
873 4264 936 4327 quo
968 4263 1026 4327 pro
1057 4244 1243 4309 intentione
1267 4242 1391 4309 actoris

191 4352 306 4419 atrei
329 4352 455 4419 diversi
478 4352 667 4435 allegantur
690 4350 829 4433 scabini,
854 4358 934 4415 tnnc
957 4349 986 4414 si
1003 4347 1198 4415 dubitabilis
1215 4353 1268 4412 est
1285 4364 1392 4430 casus,

1240 4468 1288 4519 17*
