3275 5009
308 322 358 374 128
825 315 988 371 Sententiae

305 526 426 608 verint,
438 525 526 606 quod
538 524 721 589 secundnm
733 521 905 602 antiquam
922 521 1196 590 consuetudinem
1211 523 1340 607 pistori,
1356 525 1486 592 debitam

306 628 528 710 quantitatem
551 627 586 693 in
608 626 763 708 pistando
787 643 852 692 non
879 626 1040 708 servanti,
1068 628 1173 694 solum
1196 627 1250 694 die
1274 629 1428 696 dominico
1449 631 1487 696 de

304 751 419 800 mensa
442 734 477 798 in
496 731 568 798 foro
585 729 737 797 XXXVI
753 749 931 812 parvorum
948 731 1159 798 denariorum
1175 731 1272 814 panis
1288 749 1348 815 pro
1364 734 1488 800 emenda

306 837 518 920 recipiendus
546 842 582 903 et
604 835 639 901 in
660 834 829 916 hospitale
854 835 1056 918 pauperibus
1087 836 1132 902 sit
1159 835 1359 904 mittendus:
1388 842 1488 902 tamen

304 941 373 1008 ista
399 940 640 1008 consuetudine
663 938 752 1005 sicut
775 940 967 1020 corruptela
984 939 1017 1006 in
1033 944 1203 1021 posterum
1218 940 1354 1019 abolita,
1369 947 1489 1007 senten·

305 1031 434 1112 tialiter
456 1045 680 1112 inventum
702 1047 770 1108 est
800 1043 914 1126 legis
944 1043 1031 1110 via:
1065 1042 1162 1127 Quod
1192 1042 1294 1110 etiam
1326 1064 1383 1127 pro
1411 1047 1489 1111 bono

305 1148 467 1216 communi
501 1165 684 1229 pauperum
718 1146 806 1213 omni
840 1147 895 1214 die
931 1148 1030 1228 judex
1063 1151 1100 1214 et
1127 1145 1241 1231 jurati,
1276 1153 1349 1215 cum
1384 1166 1490 1214 neces·

305 1253 389 1321 sitas
413 1252 528 1336 exigit,
558 1255 699 1333 possunt
729 1256 764 1317 et
794 1254 919 1318 debent
949 1270 1069 1334 panem
1100 1251 1247 1319 debitam
1279 1254 1490 1332 quantitatem
1585 1265 1587 1314 ³

305 1376 371 1423 non
404 1357 593 1439 habentem,
624 1355 665 1422 de
695 1356 819 1422 mensis
852 1356 1023 1439 pistorum,
1053 1356 1108 1423 vel
1137 1355 1221 1422 alias
1250 1357 1307 1422 ubi
1336 1355 1492 1438 venditur,
1585 1433 1586 1436 Ἴ

304 1461 426 1527 tollere
450 1464 485 1528 et
508 1459 598 1525 inter
620 1459 788 1527 mendicos
816 1460 1029 1542 distribuere,
1060 1465 1094 1526 et
1124 1460 1261 1541 insuper
1287 1461 1426 1542 pistores
1448 1459 1492 1525 sic

304 1567 511 1631 excedentes
543 1582 602 1646 per
632 1564 803 1630 emendam
833 1564 970 1631 LXXII
1000 1581 1178 1644 parvorum
1207 1564 1413 1630 denariorum
1443 1564 1492 1630 vel

306 1669 494 1752 graviorem
533 1668 587 1734 vel
624 1665 794 1750 minorum,
840 1670 1020 1734 secundnm
1065 1670 1152 1747 quod
1193 1670 1411 1750 decreverint,
1454 1669 1492 1734 ad

304 1774 504 1840 servandum
527 1770 633 1838 forum
655 1770 802 1837 debitum
827 1775 990 1838 coartare.
1579 1762 1584 1783 '

494 1945 739 2027 Capitulum
762 1942 903 2010 XXIII:
926 1944 984 2011 De
1008 1945 1313 2028 emptionibus.
1577 1856 1585 2014 i

410 2085 484 2152 274.
507 2084 558 2147 Dc
581 2081 797 2166 emptionibus
822 2092 853 2146 et
874 2083 1116 2148 venditionibus
1139 2085 1314 2170 inponere.
1335 2085 1492 2151 Licetres
1582 2067 1583 2080 ἵ

304 2189 430 2256 inerint
460 2185 609 2270 Henrici,
639 2191 751 2253 tamen
783 2186 862 2267 quia
886 2190 1091 2271 potestatem
1114 2207 1169 2255 res
1193 2207 1251 2255 aaa
1273 2189 1309 2255 in
1330 2188 1400 2256 foro
1419 2207 1494 2256 ven·
1582 2253 1583 2282 ἦ

305 2293 405 2360 dendi
427 2292 570 2360 tradidit
593 2291 764 2358 Conrado:
798 2293 955 2374 quicquid
978 2310 1039 2375 per
1062 2293 1246 2360 conradum
1280 2295 1387 2361 medio
1416 2299 1492 2360 tem·

306 2416 394 2480 pore,
418 2415 480 2477 quo
505 2397 595 2462 dicta
618 2401 770 2478 potestas
793 2399 883 2478 apud
906 2415 978 2462 eum
1007 2396 1187 2481 residebat,
1217 2401 1253 2464 in
1282 2398 1353 2466 foro
1376 2397 1492 2466 iactum
1576 2381 1584 2575 ἱ

306 2509 368 2586 est,
390 2502 453 2567 hoc
475 2499 657 2567 Heinricus
681 2500 722 2566 de
743 2500 817 2582 jnre
841 2519 907 2568 non
931 2501 1057 2583 poterit
1079 2519 1253 2570 revocare.

408 2641 482 2706 275.
505 2639 555 2702 Dc
578 2639 735 2723 emptione
753 2662 775 2701 a
788 2660 940 2703 non-acro
964 2641 1102 2707 donnino,
1125 2640 1190 2725 Qui
1205 2643 1293 2707 bona
1308 2640 1372 2706 fide
1387 2659 1407 2705 a
1422 2656 1493 2704 uou-
1579 2628 1583 2697 ἶ

306 2763 387 2812 vero
410 2744 550 2828 domino,
582 2761 678 2823 quem
708 2744 873 2810 dominum
904 2763 980 2812 esse
1011 2747 1181 2830 credebat,
1210 2745 1345 2812 fundum
1375 2741 1493 2822 emerit,
1580 2752 1584 2761 ·

305 2851 360 2916 vel
383 2849 509 2928 aliquid
533 2848 626 2915 aliud
649 2867 691 2914 ex
709 2848 804 2930 Justa
828 2867 928 2915 causa
952 2851 1006 2916 vel
1029 2851 1209 2917 donatione
1224 2852 1312 2916 bona
1327 2848 1392 2916 fide
1406 2863 1491 2914 acca·

307 2953 411 3036 perit:
433 2953 561 3035 placuit
583 2954 730 3018 naturali
753 2952 919 3020 rationei
921 2960 997 3020 ruct
998 2973 1048 3039 us,
1064 2973 1146 3034 quos
1163 2953 1323 3037 percepit,
1338 2953 1410 3036 eJus
1426 2965 1493 3018 csse
1583 2973 1585 2998 ⁴

307 3077 366 3140 pro
390 3059 580 3124 culturat
545 3064 580 3123 et
604 3076 694 3123 cura.
717 3057 763 3123 Et
786 3057 872 3140 ideo,
894 3059 923 3124 si
947 3066 1023 3140 post
1026 3077 1065 3126 ea
1009 3059 1239 3125 tdominus
1267 3051 1491 3139 supervenerit

306 3167 342 3229 et
363 3160 501 3227 fundum
523 3161 682 3238 vindicet,
705 3161 747 3227 de
769 3160 934 3229 fructibus
958 3167 1000 3230 ab
1024 3182 1063 3230 eo
1087 3161 1291 3244 consumptis
1315 3178 1417 3246 agere
1434 3173 1491 3227 non
1582 3075 1585 3256 Ι

308 3271 426 3349 potest
460 3265 503 3331 Ei
525 3284 616 3342 vero,
638 3265 696 3345 qui
718 3265 830 3333 scians
860 3265 996 3333 fundum
1027 3268 1170 3334 alienum
1207 3265 1402 3350 possederit,
1434 3277 1492 3328 non

307 3369 392 3435 idem
428 3387 619 3436 concessum
654 3375 723 3450 est;
757 3370 873 3450 itaque
907 3372 1008 3438 etiam
1032 3371 1163 3439 fructus
1192 3389 1267 3438 cum
1290 3369 1400 3454 fundo,
1420 3366 1491 3434 licet

307 3474 494 3556 consumpti
517 3474 595 3556 sint,
619 3473 752 3556 cogitur
774 3474 965 3541 restituere.

410 3613 485 3678 276
506 3612 557 3676 De
580 3613 738 3696 emptione
761 3622 791 3676 et
813 3615 1006 3677 venditione.
1043 3615 1200 3682 Vendens
1230 3633 1299 3680 rem
1331 3611 1445 3680 vendit
1446 3623 1490 3675 am

307 3717 349 3782 ab
372 3715 628 3800 impetitoribus,
654 3717 803 3797 quamvis
828 3719 862 3784 in
885 3721 1023 3784 emendo
1053 3719 1116 3785 hoo
1147 3736 1212 3784 non
1244 3717 1415 3799 exceperit
1443 3707 1491 3778 vel

307 3820 486 3901 specialem
509 3826 599 3887 ment
601 3821 708 3887 ionem
733 3823 773 3887 de
797 3822 860 3898 hoc
883 3841 949 3889 non
970 3823 1101 3908 fecerit,
1129 3822 1338 3906 disbrigabit.

410 3959 485 4025 277.
518 3958 569 4022 Dc
591 3967 748 4045 emptione
780 3959 831 4024 oei
862 3964 1044 4028 venditione
1078 3964 1249 4048 iqnorante
1281 3962 1332 4024 rei
1363 3957 1487 4023 domino.

308 4061 401 4128 Uxor
423 4061 477 4127 vel
499 4062 640 4130 famulus
663 4081 718 4130 res
741 4064 874 4147 domini,
898 4086 936 4134 eo
959 4066 1144 4152 ignorante
1161 4066 1190 4130 si
1205 4063 1405 4147 vendiderit,
1419 4075 1487 4127 ven·

308 4166 390 4232 ditio
414 4168 506 4232 nulla
529 4165 603 4249 erit,
627 4166 693 4232 nisi
716 4172 793 4250 post
794 4187 836 4235 ea
860 4171 1009 4236 dominns
1033 4171 1116 4238 velit
1138 4173 1247 4235 ratam
1277 4169 1409 4248 habere,
1434 4176 1486 4229 net

309 4276 437 4352 emptor
458 4273 659 4337 vendentem
682 4273 726 4337 ad
749 4272 874 4352 aliquid
899 4274 1096 4356 compellere
1119 4273 1277 4356 poterit
1268 4290 1340 4355 ipso
1359 4273 1438 4356 jure
