3275 5009
287 368 339 419 264
759 350 763 354 ’
804 366 966 419 Sententiae

287 573 408 638 testari
431 577 558 658 potest3
582 578 691 639 tortor
712 578 835 655 antem,
864 575 940 654 quia
972 576 1104 641 ratione
1134 575 1298 640 avaritiae
1331 581 1365 639 et
1394 575 1468 639 lucri

287 678 479 757 temporalis
501 678 619 758 pretio
650 680 833 744 conductus
864 679 1053 745 voluntarie
1082 685 1250 759 tamquam
1270 674 1468 759 ‚desperatus

287 781 485 846 homicidam
508 800 544 847 se
566 782 648 847 facit
676 789 711 848 et
734 783 918 865 constituit,
949 802 969 847 a
993 782 1182 849 testimonio
1206 784 1305 865 digne
1328 784 1470 867 rejicitur

286 891 324 950 ut
356 885 499 951 infamis.
531 887 602 951 Neo
635 892 748 953 tamen
783 894 920 968 propter
955 888 1017 952 hoc
1044 890 1155 971 judex,
1179 888 1208 953 si
1231 906 1290 967 per
1313 906 1347 952 se
1370 888 1470 968 ipsum

286 989 452 1055 maleficos
474 995 618 1073 torquet,
641 1011 661 1056 a
682 994 820 1057 ferendo
843 992 1035 1057 testimonio
1060 994 1160 1058 debet
1184 992 1365 1073 prohiberi3
1395 991 1470 1057 facit

286 1093 372 1159 enim
396 1094 458 1159 hoc
481 1095 552 1160 nelo
573 1096 725 1179 justitiae
741 1114 781 1161 ac
797 1115 840 1161 ex
855 1094 955 1159 officii
979 1095 1100 1176 debito,
1124 1100 1231 1160 tortor
1247 1104 1357 1161 autem
1374 1095 1470 1159 solum

286 1216 344 1278 spe
368 1199 528 1278 pecuniae
552 1206 663 1265 aetum
687 1220 781 1265 suum
804 1208 948 1265 exercet

389 1302 672 1377 Considerandum
696 1304 883 1386 astutiam,
907 1305 1003 1386 quod,
1035 1322 1107 1368 cum
1138 1322 1197 1384 pro
1225 1300 1399 1367 homicidio
1423 1303 1471 1367 vel
1507 1349 1509 1355 -

286 1404 351 1470 1111
375 1425 454 1472 casu
481 1408 642 1472 criminali
676 1427 754 1474 reus
785 1406 1011 1473 defensionem
1043 1408 1179 1490 allegat,
1208 1408 1296 1471 talis·
1318 1406 1470 1489 allegatio

286 1511 349 1575 duo
372 1508 527 1576 includit:
550 1512 658 1577 Unum
682 1519 744 1592 cst,
767 1514 855 1591 quod
879 1517 932 1575 est
955 1516 1073 1577 eontra
1096 1513 1212 1591 ipsum,
1236 1512 1324 1575 sicut
1342 1510 1471 1593 iactum,

286 1612 386 1693 aliud,
410 1616 497 1693 quod
520 1625 573 1679 est
596 1635 656 1696 pro
679 1617 760 1697 ipso,
792 1616 880 1680 siout
909 1614 1066 1681 defensio.
1101 1614 1148 1679 Et
1181 1614 1261 1680 licet
1284 1632 1325 1680 ex
1349 1614 1470 1680 confes-

285 1716 377 1780 sione
411 1717 460 1783 rei
496 1723 654 1799 probetur
687 1720 820 1793 factum,
856 1722 942 1799 quod
976 1724 1029 1784 est
1063 1725 1181 1783 contra
1215 1718 1330 1799 ipsum,
1365 1727 1471 1784 tamen

284 1819 442 1902 defensio,
472 1841 557 1902 quae
581 1831 633 1889 est
655 1844 714 1905 pro
745 1826 827 1906 ipso,
855 1824 975 1889 fortius
1007 1830 1042 1889 et
1073 1824 1218 1889 validius
1251 1824 1470 1889 testimonium

241 1958 245 1966 ι
282 1926 431 2002 requirit.
454 1927 551 1992 Unde
575 1946 647 1992 cum
670 1928 704 1993 in
727 1929 870 2020 simpli-oi
893 1928 1136 2011 expurgatione
1164 1928 1333 2002 homicidii
1363 1934 1469 1993 tortor

282 2030 404 2094 testari
438 2050 503 2095 non
539 2033 653 2111 possit,
687 2035 789 2099 multo
825 2034 931 2099 minus
966 2034 999 2099 in
1035 2032 1237 2114 allegatione
1271 2032 1471 2098 defensionis

283 2132 405 2198 testari
429 2144 536 2214 potest

387 2292 460 2355 692.
470 2292 520 2352 Do
532 2292 665 2355 testibus
677 2317 736 2355 oon
748 2294 852 2356 latoldo
864 2294 1069 2357 testantibus.
1084 2294 1204 2357 Testes
1217 2291 1352 2357 confuse
1363 2297 1397 2356 et
1409 2310 1470 2355 non

280 2390 330 2456 ita
353 2394 463 2459 lucide
487 2397 701 2480 deponentes
726 2399 811 2477 quod
836 2417 948 2463 eorum
971 2398 1070 2463 dictis
1096 2397 1200 2477 possit
1217 2397 1345 2461 raritas
1364 2395 1469 2461 decla-

282 2498 360 2578 rari,
384 2517 448 2563 non
471 2498 638 2566 sufficiunt
662 2504 704 2566 ad
728 2504 932 2583 probandum
955 2503 1119 2567 intentum
1145 2501 1259 2581 partia,
1294 2520 1350 2579 per
1378 2518 1470 2579 quam

283 2611 362 2665 sunt
388 2605 550 2683 producti.

388 2758 460 2823 693.
498 2759 591 2831 Qeaod
624 2764 839 2824 testimouium
867 2762 1052 2845 foetorum,
1065 2761 1260 2847 praefertur
1292 2759 1471 2823 testimonio

282 2861 459 2929 verboram.
485 2863 565 2929 Oum
588 2873 699 2932 sartor
721 2867 854 2945 quidam
878 2888 919 2933 ex
943 2872 1086 2945 quatuor
1114 2885 1186 2931 cum
1220 2864 1355 2931 dimidia
1385 2864 1471 2931 ulnis

284 2968 385 3047 panni
397 2970 509 3033 brevis
527 2972 567 3034 de
584 2971 736 3035 Brusello
754 2972 887 3051 pallium
905 2990 943 3035 ac
960 2970 1105 3035 tunicam
1122 2968 1290 3049 sarsisset,
1306 2972 1471 3052 objectum

284 3082 337 3135 est
360 3071 424 3136 sibi
447 3091 507 3153 per
529 3074 629 3155 illum,
654 3076 748 3156 cujus
773 3094 901 3155 pannus
924 3076 998 3156 fuit,
1021 3077 1099 3153 quia
1122 3074 1261 3138 mediam
1284 3073 1392 3159 ulnam
1415 3092 1471 3153 pro

284 3176 353 3239 suis
376 3175 491 3242 usibus
515 3180 710 3259 accepisset.
734 3181 830 3265 Quod
853 3198 925 3244 cum
948 3190 1058 3243 sartor
1082 3192 1232 3261 negaret,
1260 3171 1371 3243 vo'cati
1394 3183 1471 3242 sunt

282 3278 434 3360 magistri
467 3289 632 3348 sartorum
657 3294 691 3349 et
713 3291 950 3349 renovatorum
982 3282 1125 3347 vestium
1156 3286 1191 3347 et
1214 3285 1273 3348 sub
1293 3281 1471 3365 juramenti

283 3382 409 3447 virtute
439 3387 598 3464 praestiti
630 3390 841 3472 interrogati,
876 3390 903 3453 si
941 3388 1073 3468 pallium
1110 3397 1144 3451 et
1175 3389 1290 3453 tunica
1325 3388 1471 3466 quintam

258 3566 264 3580 ι
282 3487 422 3551 mediam
439 3490 550 3554 ulnam
567 3492 803 3559 continerent?
824 3492 887 3577 Qui
905 3508 1019 3558 vestes
1035 3490 1215 3573 diligenter
1231 3492 1470 3571 perspicientes
1520 3558 1523 3565 ,

283 3593 492 3657 concorditer
514 3598 776 3674 responderunt:
800 3598 887 3674 quod
911 3615 984 3662 non.
1008 3595 1054 3660 lit
1073 3597 1115 3659 ad
1132 3592 1245 3660 eorum
1261 3594 1470 3677 negationem

282 3697 538 3762 confirmandam
561 3709 656 3764 actor
678 3701 811 3782 adjecit,
842 3704 928 3779 quod
960 3718 1111 3779 pannum,
1142 3706 1318 3779 antequam
1349 3700 1470 3766 sartori

278 3805 440 3879 traderet,
463 3821 572 3867 coram
592 3805 735 3869 testibus
752 3806 872 3869 adhoc
889 3805 1067 3884 assumptis
1082 3804 1118 3868 iu
1132 3805 1218 3869 libra
1234 3806 1472 3885 ponderasset;

282 3920 384 3983 quare
408 3927 466 3988 pro
490 3927 526 3972 se
550 3909 751 3973 sententiari
776 3909 905 3989 petivit,
929 3916 1036 3972 utrum
1056 3926 1114 3988 per
1128 3908 1245 3974 libram
1263 3910 1304 3973 de
1319 3907 1467 3973 falsitate

281 4014 445 4075 sartorem
478 4012 612 4077 vincere
645 4014 762 4077 merito
796 4030 862 4078 non
893 4014 1039 4093 deberet,
1071 4031 1143 4077 cum
1167 4012 1286 4094 pulsia,
1317 4032 1412 4092 quem
1435 4012 1469 4077 in

280 4116 453 4180 sarciendo
477 4135 607 4197 pannus
630 4119 783 4198 cepisset,
809 4124 843 4183 et
866 4118 930 4199 fila,
954 4134 1038 4196 quae
1063 4126 1177 4182 essent
1192 4117 1316 4198 addita,
1333 4116 1468 4196 primam

281 4218 381 4296 panni
405 4223 676 4299 ponderationem
700 4226 881 4288 redderent
897 4221 1092 4304 graviorem,
1117 4222 1241 4287 Contra
1257 4224 1343 4300 quod
1360 4228 1468 4285 sartor

280 4324 464 4402 replicavit,
488 4326 565 4404 quia
589 4329 630 4391 de
654 4326 738 4393 libra
761 4327 860 4392 nichil
882 4326 946 4389 sibi
964 4332 1142 4407 constaret,
1160 4328 1217 4391 sed
1235 4337 1348 4391 vestes
1365 4324 1467 4389 vellet
