3275 5009
280 357 332 412 948
798 353 965 409 Sententiae

279 567 485 633 testamento
517 561 634 646 edjicit
665 566 702 632 et
723 561 895 646 adjungit:
929 563 974 628 ad
995 561 1059 628 hoc
1092 559 1221 627 sufficit
1252 557 1477 626 testimonium

280 669 429 738 virorum
453 664 670 749 credibilium,
693 667 772 732 dato
796 667 909 749 etiem,
938 667 1027 746 quod
1049 665 1168 732 sitite
1190 663 1370 746 sufficiens,
1392 663 1478 730 sicut

279 777 335 841 est
357 769 588 840 testimonium
610 771 807 838 testamenti
830 769 936 852 primo
964 768 1058 836 facti.
1088 767 1186 853 (Cum
1208 768 1296 834 enim
1317 767 1354 834 iu
1376 773 1478 833 testa·

278 875 402 944 mentis
425 873 591 941 faciendis
614 873 848 957 principaliter
870 875 916 940 sit
939 873 1042 941 saluti
1065 872 1197 939 animae
1212 873 1390 938 testatoris
1407 889 1477 954 pro·

279 981 472 1061 videndum,
495 981 539 1045 ad
562 979 767 1060 probandum
789 979 874 1045 talia
895 980 999 1045 debet
1020 976 1155 1045 admitti
1177 975 1415 1056 testimonium,
1430 975 1482 1042 cui

278 1084 364 1152 fides
389 1083 542 1150 adhiberi
569 1082 684 1165 possit,
708 1083 861 1164 quamvis
883 1099 950 1149 non
972 1082 1020 1149 sit
1042 1079 1237 1166 excellens.)

386 1221 461 1288 650.
482 1220 534 1282 De
558 1221 755 1283 testamentis
779 1241 877 1283 mann
895 1221 1041 1304 propria
1059 1239 1121 1304 per
1136 1225 1322 1283 testatorem
1337 1217 1483 1300 scriptia.

279 1325 323 1394 Si
339 1329 487 1392 testatur
509 1327 748 1391 tastamentum
772 1343 833 1408 per
854 1325 962 1406 ipsum
986 1323 1213 1406 couscriptum
1235 1327 1316 1390 ante
1342 1329 1478 1389 mortem

280 1447 376 1496 suam
414 1427 581 1508 aliquibus
616 1427 795 1511 fidedignis
830 1427 1061 1513 assignaverit
1093 1432 1131 1494 et
1163 1427 1305 1510 dederit,
1343 1433 1398 1510 ,et
1432 1426 1478 1492 sic

280 1532 492 1600 voluntatem
514 1549 621 1599 meam
643 1532 678 1599 iu
701 1531 806 1616 carte,
830 1551 916 1613 quae
938 1533 974 1600 in
997 1533 1059 1599 tali
1080 1533 1155 1598 loeo
1174 1531 1278 1615 jncet,
1301 1534 1389 1598 bene
1408 1547 1477 1611 per·

280 1635 424 1718 cipietis,
463 1634 541 1714 quia
575 1635 609 1700 in
643 1633 749 1718 ipsam
779 1636 876 1717 posui
909 1635 1066 1716 quicquid
1100 1636 1217 1718 legare
1241 1634 1371 1701 volui“:
1406 1640 1481 1699 tunc

279 1741 353 1824 ipso
378 1738 535 1808 defuncto
559 1739 628 1805 tale
651 1743 898 1818 testamentum,
921 1740 1011 1808 sieut
1033 1744 1240 1821 compertum
1254 1738 1368 1820 fuerit,
1384 1738 1481 1804 debet
1583 1770 1584 1835 r

280 1862 475 1930 processum
498 1844 634 1926 hebere,
655 1841 729 1924 ipso
748 1845 835 1928 jure.

384 1982 457 2047 651.
473 1979 542 2052 Quo
559 1979 674 2044 ordine
689 1990 914 2045 testamcutum
928 2002 989 2063 per
1001 1991 1185 2046 caecatores
1200 1982 1245 2043 ait
1257 1980 1482 2064 exequendum.

279 2085 499 2163 Exeoutorea
522 2088 651 2152 mortuo
670 2090 847 2168 testatore,
863 2083 967 2167 primo
983 2086 1102 2152 solutis
1119 2085 1253 2168 debitis,
1269 2085 1387 2151 statim
1403 2090 1478 2151 ante

281 2191 392 2257 omnia
416 2189 484 2255 alia
507 2206 557 2271 ea,
580 2207 665 2268 quse
688 2207 748 2270 pro
772 2188 917 2256 remedio
941 2193 977 2256 et
1001 2189 1112 2257 salute
1144 2189 1274 2256 animae
1306 2188 1480 2255 testatoris

279 2293 432 2361 defuncti
454 2293 528 2360 fieri
552 2295 676 2359 debent
695 2293 990 2376 certitudinaliter,
1009 2292 1059 2359 ita
1074 2295 1160 2375 quod
1177 2293 1272 2359 firma
1288 2298 1324 2360 et
1339 2290 1481 2372 stabilia,

280 2397 371 2465 sicut
395 2415 455 2480 per
478 2402 680 2464 testatorem
704 2396 861 2464 ordinate
884 2397 1020 2476 fuerint,
1043 2402 1271 2480 permaneant,
1302 2397 1481 2480 expediant

279 2507 316 2569 et
341 2505 530 2583 procurent.
555 2501 716 2586 (Dignum
739 2501 827 2568 enim
855 2506 891 2568 et
919 2503 1047 2586 justum
1079 2512 1156 2568 esse
1186 2499 1363 2586 credimus,
1396 2501 1479 2581 quod
1582 2518 1583 2559 2

279 2606 349 2689 ille,
384 2607 439 2686 qui
464 2605 583 2672 vivens
619 2607 770 2673 dominus
803 2606 869 2672 iuit
903 2611 1071 2691 bonorum,
1105 2613 1183 2690 post
1214 2612 1355 2674 mortem
1390 2621 1477 2672 snam

280 2710 489 2792 priusquam
513 2727 625 2776 omnes
649 2710 707 2776 alii
730 2713 771 2777 de
793 2716 892 2793 parte
915 2730 987 2795 sua,
1008 2711 1076 2779 vid.
1099 2713 1141 2778 de
1164 2715 1378 2785 testamento,
1395 2709 1476 2789 qnod

279 2833 341 2898 pro
364 2814 511 2881 remedio
535 2815 667 2882 animae
691 2833 772 2882 snae
794 2816 869 2882 fieri
891 2817 1003 2900 debet,
1026 2821 1141 2883 certus
1163 2817 1328 2883 reddatur
1348 2812 1476 2896 penitus

279 2925 316 2985 et
339 2918 500 3005 securus.)

384 3041 458 3106 652.
476 3037 654 3120 ‘Quamdiu
689 3047 912 3102 testamentum
943 3049 1011 3103 etot
1044 3051 1074 3103 et
1106 3040 1234 3123 qnando
1257 3039 1421 3122 exspirat.
1441 3035 1473 3100 Si

278 3139 375 3209 homo
398 3161 511 3209 coram
535 3144 649 3226 probis
673 3143 755 3211 viris
779 3144 833 3212 vel
857 3163 917 3225 per
950 3144 1068 3211 literas
1101 3145 1250 3226 disponit
1283 3151 1318 3211 et
1347 3142 1475 3208 ordinat

278 3246 371 3312 facta
394 3264 464 3329 sua,
488 3254 523 3313 et
547 3253 665 3328 postea
688 3250 827 3314 eandem
850 3249 1095 3315 ordinationem
1119 3268 1185 3315 non
1204 3265 1379 3330 revocans
1395 3248 1473 3312 inte·

279 3356 391 3416 status
415 3351 591 3432 repentine
615 3357 650 3417 et
673 3352 853 3433 improvise
876 3353 1054 3420 moriatur:
1078 3352 1158 3419 talis
1181 3351 1358 3432 ordinatio,
1384 3365 1473 3430 qnam
1581 3330 1582 3363 ¹

277 3455 368 3532 fecit,
392 3473 465 3520 eum
489 3471 585 3522 usum
608 3456 750 3522 rationis
772 3455 899 3538 babuit,
923 3475 982 3537 pro
1005 3475 1087 3524 vero
1109 3460 1315 3523 testamento
1337 3453 1473 3521 firmiter

278 3563 333 3626 est
355 3562 518 3641 tenenda;
542 3577 603 3642 per
624 3560 688 3626 hoc
711 3561 799 3627 anim
823 3562 1001 3629 heredibus
1022 3560 1174 3628 defuncti
1189 3562 1321 3628 tollitur
1338 3557 1472 3625 materia

278 3663 445 3747 litigandi.

383 3787 456 3852 653.
485 3785 682 3851 Emicatores
713 3789 783 3850 sirie
807 3787 939 3871 judicio
971 3807 1003 3848 aa
1035 3787 1250 3849 intromittere
1273 3791 1415 3869 poseant
1435 3780 1471 3844 de

279 3888 370 3952 bonis
404 3899 434 3953 et
467 3889 561 3955 rebus
596 3893 729 3957 testate.
769 3891 988 3973 Exeeutores,
1026 3890 1218 3972 provisores
1252 3908 1311 3957 seu
1346 3893 1470 3955 tutores

277 3994 484 4072 tastamenti,
508 4000 638 4072 mortuo
661 4000 837 4078 testatore,
868 3995 943 4061 sine
972 3998 1130 4062 mandato
1161 4001 1197 4061 et
1225 3995 1315 4062 scitu
1346 3988 1468 4061 consilii
1580 4038 1581 4047 κ

274 4097 401 4181 iudicis
425 4103 460 4164 et
476 4101 665 4183 juratorum
699 4102 740 4166 de
763 4099 860 4165 bonis
883 4105 919 4166 et
941 4100 1123 4167 heredibus
1153 4098 1276 4168 mortui
1306 4118 1347 4166 ee
1374 4097 1470 4169 modo,

279 4203 367 4270 sicut
404 4203 531 4270 habent
563 4204 598 4270 in
632 4202 827 4287 commissis,
860 4204 953 4270 licite
991 4223 1028 4271 sa
1066 4212 1208 4285 possunt
1240 4203 1468 4278 intromittere,

279 4306 546 4374 commentatione
569 4307 721 4388 qualibet
743 4326 809 4374 nen
832 4307 1000 4374 obstante.
