3275 5009
800 335 964 389 Sententiae

290 557 293 574 ³
386 546 458 608 707.
484 543 533 604 De
556 545 737 606 testimonio
761 544 986 627 sobemptora‘s.
1018 547 1097 612 Cum
1121 548 1253 612 advena
1276 547 1411 626 quidam
1435 549 1475 612 de

280 648 319 713 A.
344 651 615 729 conquereretur,
639 650 724 728 quod
748 648 878 714 cuidam
902 649 969 714 civi
984 652 1025 715 de
1042 649 1079 714 B.
1095 652 1160 715 duo
1175 667 1259 717 vasa
1274 650 1345 716 vini
1362 650 1476 734 gallici

281 769 340 831 pro
374 751 544 818 XXXVII
578 753 755 838 sexagenis
792 773 841 837 gr.
879 755 977 836 Prag.
1016 755 1233 833 vendidisset,
1272 754 1356 821 civis
1395 773 1476 820 vero

280 857 461 938 respondit,
499 859 585 936 quod
623 865 751 923 tautum
786 877 846 938 pro
879 857 1016 923 XXVII
1050 877 1119 924 sen.
1152 859 1227 938 ipsa
1261 859 1409 941 emisset,
1445 863 1478 924 et

280 964 421 1040 uterque
444 962 667 1042 subemptoris
690 963 915 1028 testimonium
948 964 1120 1046 allegaret,
1152 964 1478 1029 sententiatum

280 1070 316 1129 et
351 1066 594 1130 ordinatum
628 1066 691 1132 fuit
724 1067 757 1133 in
791 1075 928 1133 senatus
963 1067 1112 1150 oonsilio,
1142 1069 1230 1147 quod
1259 1086 1321 1133 neo
1345 1069 1479 1132 advena

280 1174 399 1236 contra
422 1171 537 1250 civem,
560 1189 622 1236 nec
646 1171 729 1237 civis
753 1179 870 1237 contra
892 1173 1056 1237 advenam
1079 1172 1238 1236 inducere
1262 1173 1363 1237 debet
1380 1171 1477 1237 testi·

279 1275 421 1340 monium
444 1278 700 1358 subemptorum,
728 1275 786 1356 qui
809 1276 995 1360 vulgariter
1026 1276 1182 1341 dicuntur
1209 1275 1478 1357 ,undirkeuIel“,

279 1378 345 1444 nisi
367 1379 458 1446 viros
482 1380 640 1446 honestos
664 1381 787 1446 habeat
810 1400 883 1446 cum
906 1381 1040 1447 eisdem.

384 1519 456 1583 708.
478 1519 527 1580 De
544 1519 677 1581 testibus
689 1539 753 1601 pro
770 1519 958 1582 deductione
973 1522 1089 1582 uxoria
1104 1528 1134 1582 et
1150 1519 1312 1584 bonoram.
1338 1521 1480 1601 Hospes

279 1626 394 1689 domus
412 1629 612 1702 conquestus
628 1628 680 1688 θεῖ
695 1627 737 1690 de
753 1624 924 1706 inquilino,
940 1627 1027 1704 quod
1044 1623 1151 1690 noetis
1168 1631 1319 1705 tempore
1336 1643 1479 1690 uxorem

279 1728 315 1794 in
339 1733 494 1793 corruet
517 1731 604 1793 bona
627 1747 696 1810 sua,
719 1746 804 1807 quae
829 1731 871 1793 ad
894 1728 962 1792 XX
985 1747 1053 1793 sex.
1085 1731 1244 1809 taxabat,
1276 1729 1342 1795 sibi
1372 1731 1478 1794 dedu-

279 1833 395 1898 xisset.
412 1834 457 1897 Et
474 1851 546 1898 cum
562 1851 639 1898 reus
656 1840 822 1911 tamquam
837 1833 932 1897 homo
948 1836 1055 1898 bonae
1070 1831 1179 1897 famae
1196 1833 1479 1915 expurgationem

280 1937 490 2018 obtinuisset,
520 1937 707 2016 quaesitum
731 1945 783 2001 θεῖ
807 1939 848 2001 de
871 1955 1005 2002 numero
1037 1937 1180 2017 testium,
1212 1940 1247 2001 θῖ
1277 1956 1479 2018 responsum

280 2048 341 2120 ost,
372 2043 458 2122 quod
489 2041 567 2106 talis
597 2059 673 2106 reus
704 2040 933 2124 metseptimus
967 2041 1104 2106 testium
1137 2040 1330 2107 idoneorum
1361 2046 1480 2123 potest

280 2166 374 2213 suam
396 2145 619 2212 innocentIam
642 2147 879 2211 demonstrare.

385 2251 478 2333 Item,
501 2251 610 2314 dictus
634 2251 755 2329 hospes
779 2255 982 2327 conquestus
1005 2253 1058 2312 est
1079 2250 1118 2312 de
1136 2255 1282 2331 vectore,
1298 2252 1389 2329 quod
1407 2251 1479 2316 suis

282 2356 374 2435 equis
398 2362 433 2420 θῖ
457 2373 555 2420 curru
579 2373 713 2419 uxorem
738 2361 771 2419 et
795 2355 882 2418 bona
905 2372 967 2418 sua
989 2352 1052 2419 sibi
1076 2352 1204 2419 fuerint
1227 2355 1391 2435 deducta3
1418 2373 1478 2435 pro

280 2477 344 2539 quo
369 2479 440 2524 cum
465 2459 705 2544 sententiatum
727 2457 857 2539 fuisset,
888 2459 975 2536 quod
999 2475 1034 2521 se
1058 2457 1204 2521 testibus
1229 2459 1331 2523 debet
1354 2477 1476 2538 expur-

280 2582 370 2646 gare,
394 2563 621 2628 diffinitum
654 2562 745 2642 fuit,
780 2564 867 2640 quod
895 2561 1086 2627 mettertius
1120 2565 1296 2640 proborum
1328 2563 1478 2629 virorum

279 2667 470 2733 testimonio
495 2685 531 2732 se
555 2669 714 2731 mundare
738 2667 885 2732 deberet.

386 2808 456 2870 709.
481 2807 531 2867 De
555 2806 688 2868 testibus
713 2805 961 2867 homicidiorum
983 2815 1014 2868 at
1034 2805 1209 2870 vulneram.
1237 2806 1367 2886 Testes
1393 2822 1477 2884 quos

280 2911 384 2992 primo
408 2911 529 2976 statuit
551 2917 730 2975 accusatus
754 2927 813 2987 pro
838 2909 1023 2990 homicidio,
1042 2911 1176 2975 eosdem
1192 2915 1344 2975 statuere
1362 2913 1479 2988 potest

279 3022 456 3082 accusatus
480 3033 539 3094 pro
563 3017 673 3096 operti,
701 3016 788 3092 quod
812 3013 998 3095 vulgariter
1030 3013 1203 3093 ,volleist“
1237 3013 1378 3092 dicitur3
1411 3031 1477 3078 non

280 3126 333 3186 est
356 3121 443 3185 onim
467 3118 609 3184 alienum
631 3119 706 3202 juri,
736 3121 823 3197 quod
847 3120 970 3182 eisdem
1004 3117 1149 3182 testibus
1180 3117 1226 3181 sit
1256 3116 1339 3181 fides
1372 3135 1478 3197 super

278 3223 368 3289 facto
391 3223 568 3304 principali
592 3230 627 3288 et
650 3224 721 3306 ojus
745 3222 944 3288 accessoriis
962 3221 1160 3286 adhibenda.

386 3365 455 3428 710.
479 3362 530 3424 De
553 3361 697 3442 testibus,
721 3365 778 3444 qui
799 3372 874 3423 suut
897 3362 1031 3438 inimici,
1054 3370 1084 3421 et
1107 3361 1234 3443 quando
1251 3369 1326 3420 sant
1342 3381 1362 3420 α
1379 3359 1475 3422 teeti-

278 3472 383 3531 moaio
417 3465 604 3550 repellendi.
639 3466 829 3547 subscripti
859 3467 1054 3548 judicantur
1087 3464 1210 3530 inimici
1242 3463 1409 3544 capitales
1442 3469 1476 3528 et

280 3577 418 3656 possunt
440 3593 460 3637 a
484 3571 674 3636 testimonio
697 3572 833 3653 repelli:

385 3678 503 3753 Primo,
537 3675 593 3755 qui
615 3677 789 3740 accusavit
822 3677 922 3741 alium
956 3677 997 3739 de
1032 3674 1170 3740 crimine
1205 3672 1358 3764 capitali3
1394 3673 1476 3738 licet

280 3787 457 3847 accusatus
481 3782 612 3857 evadat,
636 3786 748 3865 tameu
772 3786 948 3845 accusator
971 3786 1088 3860 postea
1113 3795 1243 3858 semper
1260 3778 1331 3860 ejus
1343 3778 1471 3860 judica·

280 3887 371 3952 bitur
394 3885 552 3950 inimicus.
586 3884 628 3949 It.
653 3886 707 3962 qui
732 3892 871 3950 accusat
895 3885 994 3948 alium
1011 3885 1052 3948 de
1070 3882 1216 3964 crimine,
1232 3891 1370 3961 propter
1387 3882 1473 3960 quod

280 3990 451 4055 civitatem
496 3989 604 4068 potuit
638 3989 790 4053 amisisse
825 3988 879 4053 vel
912 3990 946 4053 in
980 3987 1113 4051 exilium
1150 3987 1323 4068 relegatus
1357 3984 1473 4065 fuisse,

277 4094 447 4179 judicatur
471 4095 540 4175 ejus
557 4093 715 4158 iuimicus
741 4093 782 4157 It.
809 4093 866 4171 qui
882 4093 985 4157 movit
1002 4090 1229 4170 quaestionem
1244 4086 1345 4154 alicui
1361 4097 1472 4156 status

281 4203 315 4264 θῖ
346 4197 480 4262 honoris
514 4196 572 4260 sui.
605 4197 645 4260 1ῖ.
671 4195 696 4260 si
722 4214 839 4261 nomen
869 4198 1011 4279 alicujus
1041 4197 1114 4276 quis
1146 4195 1277 4275 detulit,
1307 4213 1349 4260 ex
1380 4197 1471 4279 cujus

281 4302 448 4369 delatione
480 4319 585 4381 poena
615 4300 727 4378 aliqua
759 4301 923 4380 potuisset
952 4303 1083 4382 turpem,
1114 4300 1195 4365 licet
1224 4301 1470 4365 accusationem
