3275 5009
298 372 350 425 330
823 367 970 423 Addenda:

297 578 466 648 scabinum
490 576 555 644 1511
578 578 756 644 deductum
787 576 819 643 in
845 578 1005 644 extremis
1034 578 1212 661 jacentem,
1246 581 1282 643 et
1313 577 1400 644 idem
1425 578 1483 645 fnit

295 684 406 753 fassus
442 686 476 747 51
510 682 652 763 dicebat,
691 680 773 747 alios
808 699 885 747 suos
923 682 1114 765 conjuratos
1157 680 1257 746 etiam
1299 682 1396 765 scire,
1432 684 1483 765 oui

295 791 472 872 negabant.
489 786 677 867 Superque
694 792 800 851 seut.
815 783 896 851 fnit:
921 785 975 851 Ex
990 803 1054 866 quo
1069 784 1250 851 tassionem
1267 786 1484 866 personaliter

295 912 361 961 non
373 890 592 971 confirmavit,
604 888 814 955 5515151155
831 889 978 971 deduxit,
996 908 1076 973 ergo
1092 908 1223 955 cassum
1239 895 1293 955 est
1309 895 1344 956 et
1359 910 1483 958 vanum.

449 1104 450 1112 1
765 1030 842 1095 Post
865 1033 924 1095 art.
947 1026 1021 1093 462.

398 1138 474 1203 155.
511 1134 571 1200 De
604 1133 1483 1217 555551151155551515155515.15111151

296 1240 391 1326 Quod
413 1246 623 1305 5515115551
646 1257 667 1303 a
685 1238 885 1321 jnramentis
909 1237 974 1305 sibi
996 1237 1209 1320 praestandis
1231 1237 1484 1304 555511515555

139 1361 145 1369 .
238 1424 241 1435 ·
294 1344 710 1427 Ρο(θε1,5151555555555
731 1342 854 1422 judicis
881 1342 1031 1407 accedat.
1055 1340 1115 1427 (7.)

399 1467 475 1533 155.
501 1455 557 1532 De
589 1464 796 1530 idiomate
816 1464 1056 1548 juramenti
1078 1462 1283 1530 faciendi.
1315 1463 1397 1529 Wer
1419 1480 1485 1528 mer

294 1570 416 1653 sprach
439 1570 507 1635 keu
530 1570 637 1635 denne
661 1586 754 1650 5155,
789 1570 856 1634 und
879 1569 928 1634 sol
952 1568 1049 1634 einen
1077 1570 1143 1650 ayd
1175 1586 1326 1634 swereu:
1358 1569 1418 1633 der
1440 1568 1485 1633 sol

293 1674 328 1742 in
352 1676 411 1740 der
434 1674 555 1755 sprach
579 1690 717 1755 5115155,
743 1674 775 1738 11
800 1692 838 1739 51
859 1674 1020 1753 allerpest
1043 1673 1111 1739 ken
1134 1674 1202 1737 und
1225 1672 1259 1737 in
1282 1674 1342 1739 der
1361 1691 1399 1737 er
1414 1677 1486 1754 pest

294 1784 482 1864 geccunget
508 1775 669 1862 151.(22.)
732 1768 734 1775 ’
1138 1787 1142 1799 ’

398 1900 474 1967 157.
513 1898 686 1983 Quando
718 1898 909 1981 juratum
944 1903 1118 1979 oportet
1147 1899 1308 1981 jurare.
1348 1896 1484 1963 Senten-

293 2003 414 2069 tiatnm
446 2010 498 2068 est
529 2002 600 2069 hic:
636 2001 730 2085 Quod
760 2003 908 2085 juratum
942 2021 1008 2068 non
1042 2007 1175 2084 oportet
1208 2002 1486 2085 comprehendere
1610 2027 1611 2074 3

289 2108 477 2191 juramento
500 2116 570 2189 noc,
598 2107 686 2186 quod
709 2112 857 2173 15515151
880 2114 915 2171 51
938 2108 1149 2189 recognoscit
1171 2108 1215 2173 ad
1236 2106 1486 2186 requisitionem
1610 2119 1611 2150 r

293 2212 409 2294 pertis,
432 2229 492 2293 pro
515 2229 580 2290 qua
604 2214 752 2277 testatur
785 2216 820 2274 et
855 2228 940 2289 quae
973 2229 1034 2292 per
1067 2211 1175 2291 ipsum
1209 2210 1334 2290 aliquid
1368 2209 1486 2276 nititur

293 2319 451 2397 probare;
474 2318 535 2381 sed
557 2316 586 2381 si
609 2316 753 2381 adversa
783 2332 872 2396 paro,
903 2319 1021 2381 contra
1051 2332 1148 2393 quam
1176 2318 1331 2391 testatur,
1353 2315 1485 2398 juratus

293 2420 450 2503 postulat,
496 2426 629 2499 oportet
669 2420 817 2503 Juratum
860 2417 1039 2485 sessionem
1074 2435 1167 2483 suam
1205 2417 1484 2499 comprehendere
1610 2405 1612 2468 ἶ

289 2525 488 2607 J'uremento.
513 2522 596 2610 (13.)

396 2646 471 2713 158.
506 2644 564 2709 De
590 2644 830 2725 jnramento
865 2662 996 2726 super
1029 2643 1163 2709 furem
1198 2643 1292 2709 5115
1326 2642 1485 2724 spolia-

292 2755 436 2815 torem.
458 2748 582 2813 Forma
600 2748 737 2830 jurandi
760 2764 819 2827 pro
843 2747 963 2828 spolio:
997 2747 1185 2829 Spoliatore
1214 2746 1249 2812 in
1272 2747 1378 2813 medio
1405 2750 1483 2813 ban·

292 2870 402 2918 corum
433 2851 639 2935 judicialium
672 2850 786 2934 ligatis
820 2852 971 2917 manibus
1003 2851 1112 2933 posito
1134 2855 1230 2918 actor
1253 2869 1298 2915 sc.
1322 2850 1485 2932 spoliatus

287 2955 417 3038 jurabit
440 2975 541 3038 snper
564 2961 664 3035 caput
688 2964 723 3021 et
746 2973 871 3021 comem
894 2956 974 3038 5155,
997 2958 1084 3035 quod
1108 2957 1144 3021 iu
1165 2955 1253 3039 vulg.
1270 2955 1393 3021 dicitur
1411 2952 1488 3037 ,551
1609 2969 1611 3020 t

292 3062 408 3127 seinen
441 3062 531 3141 koph
553 3061 619 3125 und
642 3058 703 3125 auf
722 3058 839 3125 seiuen
862 3061 1017 3141 schoph“‚
1050 3062 1139 3139 quod
1159 3060 1195 3124 in
1218 3064 1328 3125 strata
1353 3060 1484 3139 publiea

291 3164 450 3245 spoliavit
484 3183 556 3231 eum
590 3165 690 3229 rebus
722 3162 806 3228 suis:
833 3162 908 3243 „Sic
934 3181 985 3228 me
1007 3163 1101 3228 Deus
1131 3165 1270 3249 adjuvet
1304 3170 1339 3228 et
1372 3180 1484 3229 omnes

290 3268 453 3347 sencti!“;
487 3268 545 3333 alii
567 3274 678 3334 autem
703 3284 763 3332 sex
785 3273 893 3332 testes
921 3266 992 3349 ejus
1013 3268 1175 3350 jurabunt
1206 3267 1240 3331 in
1265 3284 1375 3348 cruce,
1398 3266 1484 3346 quod
1608 3345 1609 3356 χ

291 3371 447 3454 viderint,
469 3371 547 3449 quia
570 3389 644 3436 eum
668 3370 828 3452 spoliavit
851 3384 951 3436 renus
975 3371 1052 3437 5515.
1077 3369 1158 3455 (27.)

395 3496 470 3562 159.
495 3494 734 3559 Communls
764 3492 900 3558 forma
932 3513 1002 3574 pro
1026 3493 1288 3561 vulneribus
1313 3494 1481 3559 511555
1608 3539 1609 3568 ,

290 3598 447 3663 1551115
481 3596 676 3679 jurandi.
721 3597 761 3661 In
806 3596 894 3663 omni
938 3596 1001 3663 1511
1038 3597 1227 3679 juramento
1269 3598 1389 3663 151555
1431 3596 1483 3662 151

290 3702 477 3783 1555155115,
501 3702 530 3765 51
552 3703 659 3781 ipsum
683 3702 785 3767 habet
819 3720 946 3782 nomen,
980 3704 1041 3767 sub
1076 3703 1191 3768 eodem
1223 3701 1354 3767 nomine
1383 3703 1483 3776 debet
1608 3698 1610 3732 ²

291 3805 440 3886 exprimi,
465 3804 558 3869 verbi
582 3804 707 3887 gratia:
733 3804 796 3869 Pro
820 3804 958 3872 vulnere
982 3803 1084 3870 duelli
1106 3805 1295 3888 vulgariter
1315 3804 1363 3870 sic
1380 3802 1484 3886 iurari

290 3910 406 3975 debet:
425 3908 514 3988 „Der
528 3909 819 3993 kemppmuuden,
834 3911 894 3974 der
906 3910 973 3974 mir
988 3910 1120 3976 cunrad
1135 3909 1247 3975 schult
1261 3926 1341 3993 geyt
1354 3928 1397 3975 an
1409 3911 1482 3975 dem

290 4018 394 4094 15151,
419 4014 479 4077 151
494 4012 551 4092 pin
573 4012 627 4078 ich
649 4014 856 4103 unschuldig‚
880 4015 939 4078 das
963 4013 1025 4079 mir
1048 4013 1115 4079 Get
1138 4013 1209 4079 also
1232 4012 1315 4080 helff
1334 4015 1399 4079 551
1423 4014 1481 4077 das
1607 4057 1608 4086 2

291 4134 388 4181 erues
412 4118 478 4181 und
502 4116 566 4181 alle
590 4121 686 4198 gotes
710 4118 874 4182 erewoz!“
900 4118 975 4184 Und
999 4117 1069 4182 also
1093 4117 1142 4182 551
1166 4136 1203 4182 51
1226 4117 1280 4182 515
1303 4116 1481 4199 plutruust,
1607 4111 1608 4160 1

290 4220 344 4285 515
367 4219 511 4302 15115151,
534 4218 631 4285 einen
654 4219 807 4303 plebslag
838 4223 904 4286 und
937 4220 991 4286 ein
1021 4220 1143 4286 iczlieh
1174 4223 1306 4304 551515,
1332 4222 1392 4285 155
1421 4236 1481 4284 cru
1607 4251 1608 4270 1

289 4324 458 4389 nnczucht
481 4326 630 4405 czencht‚
652 4325 713 4389 mit
735 4343 855 4391 namen
877 4326 1060 4391 benennen.
1085 4323 1166 4411 (28.)
1286 4415 1291 4424 Ι
