3275 5009
605 363 766 416 Sententiae
785 363 969 430 Igiavienses.
1327 366 1378 418 317

166 589 238 636 von
267 571 302 637 ir
324 571 460 654 gelosen
482 573 601 640 mocht.
625 573 699 639 Und
717 574 803 638 auch
818 574 889 638 also
905 575 969 638 deu
986 591 1070 638 nuez
1087 591 1152 639 uon
1175 575 1247 639 dem
1266 575 1379 657 acher,

167 676 199 740 si
219 675 317 740 dar-ff
329 677 424 742 nicht
441 679 524 742 noch
542 680 602 743 der
617 679 786 742 statuecht
801 678 961 744 abslahen
978 695 1020 740 au
1041 677 1114 742 dem
1137 678 1215 760 gelt,
1239 678 1268 744 si
1292 679 1378 743 wold

167 798 206 845 es
227 782 323 845 deun
340 781 424 845 noch
437 782 614 864 gotliehem
627 782 763 848 rechten
778 788 838 847 tun
852 799 881 845 u.
895 783 981 847 wold
993 781 1023 846 ir
1036 782 1105 846 sele
1122 782 1279 848 auseheu.
1296 781 1378 867 (59.)

285 920 360 986 113.
385 919 443 984 De
467 921 752 987 non-habente
772 921 872 1003 jura
904 924 999 1000 post
1028 919 1378 1002 resignationem

167 1023 464 1088 hereditatis.
503 1024 572 1089 Das
611 1026 656 1092 ist
696 1043 819 1091 unsern
859 1042 1006 1107 purgern
1040 1024 1095 1088 hie
1129 1043 1169 1088 zu
1204 1027 1264 1090 der
1291 1025 1378 1110 Ygla

168 1128 320 1210 getailt:
353 1128 522 1193 Nochdem
563 1132 623 1194 das
656 1133 776 1212 ymand
809 1130 904 1194 einen
937 1127 1012 1209 hoff,
1043 1128 1141 1193 einen
1172 1130 1274 1193 acken
1297 1131 1379 1194 ader

167 1232 383 1313 weicher'tey
408 1234 467 1296 das
491 1235 548 1297 erb
574 1251 642 1314 sep,
667 1253 707 1297 an
732 1232 889 1316 geeignet
911 1232 1002 1305 wind,
1027 1251 1063 1297 so
1079 1233 1139 1297 hat
1153 1231 1247 1298 iener
1262 1232 1379 1313 iurpas

169 1337 306 1402 keinen
330 1338 453 1420 gewalt
477 1337 599 1402 darauf
619 1357 678 1403 ezn
703 1356 792 1419 seen,
826 1356 887 1402 czu
918 1355 1021 1417 meon,
1056 1356 1115 1401 cru
1150 1337 1284 1418 achern,
1319 1356 1379 1402 czu

169 1443 343 1523 sneyden‚
366 1443 448 1507 ader
471 1442 633 1507 ackerteil
658 1460 718 1508 cau
742 1461 868 1522 nemen,
895 1444 977 1506 ader
1008 1443 1130 1507 hainen
1164 1460 1248 1506 nuez
1272 1444 1380 1508 dauon

169 1546 378 1629 emphahen,
414 1549 502 1612 deun
533 1551 657 1611 sunder
687 1548 757 1611 also
789 1565 887 1612 uerre
920 1546 969 1610 als
1001 1565 1053 1629 ym
1088 1547 1159 1611 sein
1187 1545 1280 1612 ieuer
1303 1565 1379 1629 gau,
1418 1620 1425 1628 ³

170 1651 252 1714 dem
280 1667 317 1715 es
340 1650 386 1714 ist
410 1655 586 1734 geaygnet.
611 1649 692 1737 (52.)

286 1791 362 1856 114.
402 1789 460 1855 De
499 1790 737 1856 amissione
774 1789 1046 1856 hereditatis
1079 1794 1253 1870 propter
1286 1809 1378 1855 non·

172 1893 446 1960 solutionem
470 1913 634 1960 census.
659 1895 727 1960 Das
752 1896 797 1960 ist
820 1895 906 1960 auch
930 1893 985 1960 hie
1009 1894 1143 1976 geteilt:
1175 1895 1300 1960 Findet
1324 1894 1378 1959 ein

170 2015 254 2062 man
281 1999 362 2078 drey
386 1999 437 2063 iar
460 1999 706 2064 nocheiuander
729 2001 804 2063 umb
829 1998 929 2079 czins)
953 2001 1013 2062 der
1035 2018 1087 2079 ym
1112 1998 1146 2063 in
1162 2000 1267 2081 dreyu
1279 2001 1378 2082 jaren

172 2120 244 2166 von
282 2103 406 2167 seinem
438 2103 623 2183 purhrecht
661 2103 734 2166 sold
773 2103 845 2166 sein
885 2103 1048 2184 genallen,
1085 2101 1180 2166 nicht
1214 2103 1380 2183 phandes:

170 2207 276 2288 jener
301 2207 459 2272 vorlewst
483 2209 543 2272 das
569 2208 749 2287 purhreeht
773 2225 802 2270 11.
827 2208 887 2272 der
906 2207 966 2272 her
983 2206 1201 2271 nuterwindit
1217 2206 1287 2274 sich
1305 2207 1378 2271 sein

174 2328 241 2374 czu
268 2309 376 2376 eiuem
401 2313 488 2376 erbe.
517 2309 598 2396 (54.)

285 2451 362 2516 115.
397 2449 454 2515 De
490 2450 728 2514 heredibus
763 2449 999 2530 adoptivis.
1035 2448 1224 2514 Heredibus
1259 2467 1378 2514 careus

176 2557 295 2632 potest
318 2552 381 2619 sibi
405 2571 541 2634 puerum
565 2553 620 2620 vel
644 2572 762 2635 pueros
789 2553 893 2619 uirilis
923 2553 975 2618 vel
1008 2552 1177 2618 muliebris
1211 2571 1311 2618 sexus
1344 2553 1378 2618 iu

175 2657 324 2722 heredes
348 2658 508 2738 adoptare
544 2662 578 2721 et
612 2657 703 2737 ipsos
738 2661 894 2722 bonorum
929 2675 1060 2722 suorum
1096 2675 1307 2723 successores
1344 2663 1380 2722 et

178 2777 394 2839 possessores
418 2761 632 2843 constituere,
657 2768 691 2826 61
715 2763 829 2826 eodem
853 2763 946 2826 modo
966 2761 1108 2826 heredes
1125 2762 1220 2844 hujus
1238 2766 1379 2842 possunt

177 2864 265 2946 ipsis
290 2864 373 2930 alios
398 2883 519 2945 pueros
543 2865 725 2947 adjungere
750 2871 785 2928 61
809 2883 907 2945 pares
937 2864 1049 2929 facere
1082 2865 1271 2930 conditione
1303 2885 1376 2930 con·

179 2969 438 3052 sanguineorum
464 2987 607 3050 suorum,
630 2969 778 3048 qualibet
802 2968 1067 3034 contradictione
1089 2968 1294 3048 quiescente.

653 3123 729 3188 Posi
753 3128 811 3189 611.
835 3123 908 3189 369.

286 3249 361 3313 116.
400 3247 457 3310 De
491 3247 710 3312 homicida
745 3247 921 3327 hospite
955 3246 1155 3330 fugitivo.
1193 3249 1324 3329 Hospes
1351 3249 1380 3314 si

179 3351 390 3416 homicidium
403 3351 486 3416 facit
500 3351 580 3416 61111
593 3351 772 3416 claustrum
788 3370 890 3417 causa
904 3354 994 3433 pacis
1009 3352 1170 3435 effugerit,
1188 3360 1266 3417 tuuc
1283 3355 1312 3417 si
1325 3373 1379 3419 res

181 3473 268 3534 quae
292 3455 383 3520 ducit
412 3456 460 3520 rel
477 3457 587 3537 habet,
606 3457 745 3521 alterius
765 3456 830 3520 sint
846 3457 939 3539 civis,
956 3457 1027 3537 ipse
1043 3457 1205 3540 fugitivus
1222 3456 1377 3522 fortassis

182 3559 300 3624 extitit
331 3559 384 3625 vel
408 3562 590 3624 conductus
615 3566 653 3624 ut
676 3560 767 3640 ipsas
798 3580 853 3625 res
889 3563 930 3625 ad
965 3562 1065 3626 talem
1100 3561 1206 3624 locum
1241 3563 1380 3627 duceret

184 3664 239 3730 vel
264 3669 430 3746 portaret:
456 3666 495 3728 de
520 3667 617 3728 rebus
640 3664 826 3746 hujusmodi
851 3683 914 3729 non
941 3666 1046 3747 judex
1081 3683 1143 3728 nec
1173 3666 1279 3748 jurati
1319 3684 1380 3730 nec

183 3785 268 3833 uxor
293 3768 346 3832 161
368 3767 465 3832 amici
489 3767 589 3833 occisi
606 3787 642 3832 se
660 3769 887 3833 intromittent
906 3773 974 3852 (res
992 3770 1139 3851 ejusdem
1156 3769 1379 3855 obtinebunt),

184 3875 242 3936 sed
266 3873 332 3952 ille,
357 3873 451 3954 quus
475 3871 638 3954 fugitivus
662 3873 715 3937 161
740 3875 923 3937 conductus
946 3871 1133 3937 dinoscitur
1156 3891 1251 3952 esse;
1283 3892 1380 3939 secus

184 3985 295 4040 autem
317 3974 472 4040 fortassis
497 3983 596 4057 esset,
621 3976 649 4040 si
673 3976 756 4041 ciuis
781 3994 822 4041 ex
846 3994 884 4041 eo
908 3995 962 4041 res
986 3978 1049 4041 sibi
1078 3986 1267 4060 usurparet,
1302 3977 1380 4057 quia

183 4079 347 4160 hospitem
371 4079 510 4143 haberet
534 4079 598 4143 sibi
621 4080 656 4143 in
679 4079 801 4144 debitis
826 4079 1016 4162 obligatum.
1076 4157 1078 4160 Α

289 4219 364 4285 117.
389 4217 499 4281 Nota
534 4219 582 4282 de
617 4217 857 4283 homicidio.
894 4219 956 4282 Die
983 4219 1219 4284 vomPatlawn
1243 4220 1379 4304 iragten

187 4339 256 4399 une,
279 4339 350 4387 was
374 4321 532 4385 rechteus
557 4323 701 4385 danaber
723 4339 807 4388 wer:
845 4323 908 4387 Em
932 4341 1007 4386 man
1030 4330 1115 4388 wart
1139 4324 1300 4406 begriffeu
1322 4326 1385 4391 auf
