3275 5009
253 358 304 411 366
765 353 931 407 Sententiae

359 565 411 631 43.
436 564 525 630 Duo
563 566 717 649 generi
754 564 921 629 testari
959 582 1040 630 non
1076 568 1267 645 possunt
1304 568 1458 629 eontra

252 689 419 737 soorum
454 688 577 735 suam.
613 667 777 751 Quolinus
803 673 838 734 et
862 670 1012 736 Jacobus
1035 667 1169 751 Planer,
1203 667 1320 752 generi
1342 668 1457 750 Heyn·

139 836 141 839 .
251 777 412 859 lynissaa,
446 776 517 839 loeo
552 773 752 855 nuptialium
785 779 902 840 eontra
933 774 1070 840 Petrum
1099 771 1203 839 Rotin
1226 772 1373 838 Melozer
1396 790 1456 854 pro

252 881 458 949 hereditaria
490 880 650 963 portione,
690 898 748 961 pro
782 897 849 959 qua
883 880 1007 945 dietam
1042 896 1173 944 sotrum
1207 895 1301 942 suam
1329 874 1456 958 judicio

252 986 419 1062 eonvenit,
457 984 685 1064 testimonium
724 984 901 1065 perhibere
939 1002 1005 1049 non
1043 985 1210 1064 poterant,
1249 981 1327 1059 quia
1361 980 1456 1062 prins

252 1088 491 1156 hereditariam
516 1086 699 1170 portionem
724 1106 816 1154 suam
841 1088 1091 1171 impetiverant,
1114 1086 1180 1152 sibi
1194 1074 1236 1151 'in
1259 1084 1456 1167 profectum.

354 1210 406 1275 44.
430 1238 471 1265 =
498 1210 607 1296 llio)

355 1333 415 1398 De
438 1330 719 1414 possessione
744 1327 1455 1409 atvanditionehereditatum,de

252 1436 586 1503 hereditatibus
622 1441 827 1516 quantum
861 1438 1092 1511 adearum
1131 1432 1454 1515 possessionem

252 1540 584 1621 hereditariam,
607 1540 965 1617 arrestationem,
985 1537 1455 1621 venditionemempti-

252 1663 378 1727 onem,
413 1644 740 1728 obligationem,
775 1646 1126 1728 resrgnationem,
1162 1643 1453 1726 appropriati-

252 1767 367 1815 onem
392 1754 435 1813 et
458 1767 613 1815 omnem
637 1749 768 1815 alium
790 1752 949 1816 modum
983 1748 1102 1815 cirea
1131 1748 1254 1830 ipsas
1288 1749 1453 1815 eontin-

252 1857 433 1937 gentem,
485 1860 527 1921 et
576 1854 675 1939 jure
721 1853 1039 1937 emphiteotieo
1094 1857 1136 1917 et
1187 1852 1365 1932 feodali,
1411 1855 1454 1917 et

252 1958 508 2040 privilegiis
538 1996 580 2005 -
615 1959 871 2025 sententiae
894 1960 1013 2025 sieut
1034 1956 1076 2022 in
1099 1956 1360 2024 theutonico
1384 1956 1454 2021 vel

251 2061 390 2127 latino
426 2062 621 2129 diversis
656 2062 927 2131 civitatibus
951 2067 1046 2129 sunt
1074 2060 1360 2127 transmissae
1388 2060 1451 2126 vel

250 2164 292 2232 in
326 2166 471 2232 futuro
508 2170 887 2252 transmittentur,
927 2169 1044 2234 sieut
1083 2169 1126 2233 in
1164 2166 1452 2246 sequentibus

252 2273 522 2339 subnotatur.

357 2394 408 2457 45.
433 2422 473 2449 =
519 2400 570 2458 99.

348 2497 405 2565 46.
430 2526 471 2553 =
497 2503 568 2564 100.

355 2601 407 2667 47.
434 2630 474 2657 =
501 2607 571 2667 101.

354 2722 488 2789 uuile
522 2723 648 2789 bonis
686 2722 864 2789 falsarii
899 2729 941 2789 et
975 2724 1225 2808 traditorie,
1248 2727 1299 2790 ad
1334 2740 1450 2804 onem

251 2830 468 2908 spectent.
503 2825 699 2909 Quaesitum
732 2827 797 2892 fuit
823 2846 843 2892 a
867 2826 1160 2893 Ouaslauiensibus
1195 2830 1237 2894 de
1273 2834 1450 2910 praecepto

251 2930 436 3012 camerarii,
458 2932 514 3011 qui
534 2931 660 3015 judidio
683 2931 804 2997 ibidem
828 2932 1057 3012 praesederat,
1081 2934 1121 2996 de
1145 2932 1275 2998 homine
1306 2937 1450 2998 uetante

252 3034 428 3119 seipsum,
459 3039 494 3099 et
517 3035 557 3098 de
580 3033 717 3101 falsario
752 3040 787 3100 et
820 3035 987 3100 traditore
1019 3036 1143 3101 domini
1178 3036 1240 3117 sui,
1276 3039 1318 3102 ad
1353 3054 1450 3116 quem

251 3138 459 3203 hereditates
484 3142 519 3202 et
542 3140 627 3203 bona
650 3138 766 3205 talium
789 3141 831 3204 de
850 3138 926 3221 Jure
950 3142 1095 3207 debeant
1119 3139 1313 3221 pertinere?
1343 3140 1452 3221 Super

251 3260 315 3321 quo
339 3241 456 3306 taliter
478 3240 541 3307 fuit
564 3243 823 3308 sententiatum:
848 3242 976 3325 Quodsi
998 3244 1120 3324 aliquis
1143 3244 1228 3323 aivis
1252 3263 1311 3325 pro
1338 3245 1449 3324 aliquo

251 3346 390 3411 istorum
415 3364 550 3411 casuum
571 3346 793 3429 abjudicatur,
809 3350 851 3412 de
867 3348 962 3414 bonis
978 3348 1078 3430 illius,
1094 3350 1270 3416 mobilibus
1287 3352 1322 3415 et
1336 3350 1448 3415 immo·

250 3448 384 3530 bilibus
416 3449 524 3515 nullus
555 3455 690 3515 tenetur
714 3470 750 3516 se
774 3451 1012 3535 intromittere,
1047 3456 1106 3518 sed
1140 3472 1225 3519 uxor
1248 3459 1283 3519 et
1306 3454 1448 3519 heredes

250 3554 357 3635 ipsius
380 3555 505 3619 debent
528 3572 568 3619 aa
591 3554 703 3634 quiete
727 3558 761 3620 et
784 3555 922 3635 paelfiee
947 3556 1125 3637 possidere.

353 3672 405 3737 49.
430 3704 468 3727 ε
497 3680 566 3740 103.

355 3776 405 3840 50.
430 3806 470 3831 =
517 3784 566 3843 20.

354 3898 405 3962 51.
429 3899 488 3965 De
512 3899 641 3967 silvis
669 3902 710 3967 in
734 3921 881 3985 agrum
912 3905 1155 3971 conversis.
1185 3906 1259 3971 Von
1290 3908 1353 3972 den
1384 3906 1445 3971 Po·

251 4004 415 4069 tsohakeu
431 4006 525 4069 ward
542 4005 602 4070 her
624 4007 694 4071 also
718 4007 936 4090 gesohriben:
961 4008 1035 4091 Epo
1060 4006 1216 4092 gepau'uer
1238 4012 1331 4075 ward
1350 4011 1447 4075 uber·

252 4110 404 4190 munden,
428 4110 488 4173 das
513 4109 573 4173 her
596 4126 730 4192 seynem
751 4111 874 4176 herren
889 4132 951 4178 vor
967 4131 1102 4196 seynem
1118 4114 1226 4179 walde
1242 4115 1336 4179 hetta
1352 4114 1447 4179 holoz

251 4228 282 4276 ιι.
305 4213 464 4278 stockeoh
499 4219 728 4295 ausgerawtet
762 4234 791 4279 ιι.
826 4217 920 4282 hatte
956 4220 1015 4282 das
1050 4236 1092 4281 zu
1123 4219 1248 4285 eckern
1270 4218 1448 4302 gemaehet

251 4332 281 4379 ιι.
305 4316 399 4380 hatte
423 4319 466 4397 dy
490 4316 525 4381 in
549 4335 661 4399 gewer
684 4337 714 4383 u.
737 4319 771 4384 in
794 4321 928 4402 gewalt,
953 4324 1021 4386 uud
1046 4323 1196 4387 darnaoh
1219 4324 1290 4405 lyes
1314 4341 1369 4404 ym
1386 4323 1448 4388 der
