3275 5009
300 389 353 441 230
812 383 978 438 Sententiae

300 611 361 676 pro
395 591 482 659 omni
512 589 648 674 Justitia
676 591 886 674 juraverunt.
918 590 999 657 Cum
1031 590 1118 656 enim
1148 589 1345 673 frequenter
1374 591 1501 658 auditis

300 695 446 780 partium
483 693 744 778 allegationibus
778 694 813 759 in
843 694 970 779 judicio
1008 695 1050 760 ad
1087 695 1195 760 locum
1233 699 1403 762 secretum
1442 713 1500 777 pro

300 801 504 868 invenienda
519 797 688 866 sententia
704 796 884 878 declinent,
900 797 1054 880 partibus
1070 803 1106 864 et
1117 799 1231 882 judice
1248 818 1360 866 coram
1373 798 1497 883 jndicio

301 903 460 972 dimissis:
496 921 600 984 quare
634 920 698 968 uon
729 901 811 968 licet
842 902 892 969 eis
926 905 1061 970 easdem
1092 902 1316 986 allegationes
1339 903 1444 970 etiam
1465 903 1500 968 iu

301 1008 456 1075 absentia
500 1006 646 1090 partium
687 1005 847 1091 scribere,
883 1009 1015 1089 quando
1053 1007 1196 1074 volunt?
1242 1007 1376 1085 Tamen,
1424 1007 1499 1088 quia

302 1130 433 1196 semper
452 1110 560 1198 jurati
583 1128 704 1177 cavere
728 1111 861 1192 debent,
885 1129 927 1176 ne
951 1111 1137 1178 reddantur
1159 1111 1320 1193 suspecti,
1338 1111 1369 1177 si
1384 1117 1502 1193 partes

302 1219 432 1300 petunt,
458 1213 648 1282 sentcntiae
678 1231 789 1280 coram
818 1213 902 1297 ipsis
933 1218 1105 1281 eteorum
1128 1215 1399 1297 prolocutoribus
1423 1222 1500 1282 sunt

303 1320 510 1387 scribendae.
532 1317 645 1384 Judex
666 1337 757 1402 vero,
779 1318 844 1385 nisi
868 1318 1039 1385 sententia
1062 1337 1123 1401 per
1138 1337 1213 1386 eum
1233 1319 1365 1386 ratione
1376 1321 1502 1403 jnrium

304 1428 339 1490 et
362 1423 572 1490 emendarum
596 1439 728 1487 suarum
752 1421 798 1488 sit
821 1421 984 1505 quaesita,
1007 1423 1050 1487 ad
1073 1422 1276 1504 scripturam
1292 1424 1500 1505 praedictam

303 1525 436 1593 admitti
451 1544 517 1591 non
534 1526 642 1608 debet,
653 1530 693 1592 ut
704 1531 890 1608 suspectus.
904 1525 1043 1610 Quando
1059 1527 1162 1593 etiam
1176 1528 1280 1611 judex
1296 1527 1502 1596 sententiam

221 1669 227 1678 ·
304 1637 339 1699 et
352 1631 508 1698 emendas
525 1629 596 1712 ejus
612 1633 793 1713 tangentes
808 1631 852 1695 ad
868 1629 1071 1696 audientiam
1088 1631 1208 1698 deduci
1224 1631 1313 1713 petit
1327 1633 1500 1716 majorem:

304 1732 600 1818 tuucscriptoriin
613 1731 1502 1820 salarioetjnratis,qui(rem)addiffinitoreslitteras

304 1843 439 1924 ducunt,
463 1841 504 1905 de
526 1838 629 1905 bursa
652 1838 788 1921 propria
811 1837 1001 1906 satisfaciet
1023 1839 1057 1905 in
1081 1841 1246 1922 expensis.
1270 1841 1337 1907 Sed
1356 1843 1399 1907 de
1415 1841 1502 1906 soln-

304 1944 396 2012 tionc
419 1961 638 2024 expensarum
663 1942 805 2009 aliarum
832 1943 1077 2010 sententiarum
1106 1945 1287 2012 tenendum
1318 1950 1382 2026 est,
1415 1946 1500 2025 quod

305 2048 397 2131 ipsas
421 2048 533 2114 soluat
556 2046 590 2112 in
613 2063 717 2113 causa
739 2049 969 2114 succumbens.

520 2235 771 2319 Capitulum
794 2235 874 2303 LX:
897 2237 957 2304 De
979 2237 1293 2307 servitutibus.

410 2367 485 2433 617.
521 2366 572 2430 Dc
604 2365 817 2431 servitutibus
853 2365 1004 2432 arboreis.
1042 2366 1233 2435 Servitutas
1267 2368 1437 2450 dicuntur,
1468 2367 1500 2433 in

306 2471 427 2552 quibus
450 2488 516 2537 una
539 2472 655 2537 domus
677 2471 786 2554 alteri,
809 2489 893 2556 ager
915 2489 1000 2538 unus
1016 2471 1125 2555 alteri,
1141 2490 1276 2555 campus
1293 2491 1379 2539 unus
1395 2472 1501 2551 alteri
1587 2532 1588 2561 ἦ

307 2579 343 2642 et
365 2573 614 2658 universaliter,
637 2574 671 2640 in
694 2575 813 2656 quibus
836 2595 902 2643 una
923 2576 1096 2643 hereditas
1112 2580 1147 2641 et
1162 2594 1249 2642 unus
1264 2575 1388 2642 fundus
1404 2574 1501 2642 elteri

307 2678 483 2770 obligatur,
507 2678 595 2745 sicut
618 2699 647 2746 v.
670 2698 728 2764 gn,
752 2682 840 2760 quod
872 2682 982 2747 lumen
1013 2680 1111 2748 unius
1143 2679 1248 2747 vicini
1280 2684 1439 2748 transeat
1467 2681 1499 2746 in

308 2782 432 2850 curiam
456 2782 613 2864 alterius3
636 2786 724 2863 quod
746 2803 831 2851 unus
854 2785 990 2852 duorum
1006 2785 1190 2853 vicinorum
1206 2785 1369 2851 intereos
1386 2785 1501 2852 canale

308 2892 427 2970 pouat;
457 2888 544 2967 quod
575 2886 748 2954 stillicidia
779 2888 819 2952 de
854 2887 964 2954 vicino
997 2887 1032 2954 iu
1066 2889 1191 2956 curiam
1225 2889 1366 2955 alterius
1401 2886 1499 2955 vicini
1586 2894 1587 2899 ’

308 2992 442 3074 cadant,
466 2996 500 3056 et
522 2991 572 3057 sic
603 2993 644 3058 de
675 2989 912 3058 consimilibus.
945 2991 992 3058 Et
1027 3010 1100 3059 cum
1133 2992 1330 3074 sequenter
1361 3008 1501 3076 magnac

308 3096 386 3161 lites
410 3095 591 3162 dotalibus
608 3094 1005 3185 interpertesoriautur,
1027 3099 1176 3171 notanda
1199 3102 1278 3163 sont
1301 3095 1501 3185 subscripta,

309 3217 351 3266 ox
381 3198 510 3282 quibus,
541 3199 569 3265 si
604 3217 702 3266 casus
735 3198 938 3266 dubitabilis
963 3200 1156 3282 occurrerit,
1188 3199 1359 3268 sententia
1377 3199 1446 3288 jnri
1467 3201 1501 3262 et

309 3301 543 3370 consuetudini
570 3302 721 3369 civitatis
752 3305 991 3389 cujuscumque
1024 3321 1168 3371 consona
1200 3303 1347 3371 faciliter
1379 3301 1501 3386 poterit

310 3406 464 3475 inveniri.
763 3423 764 3428 ¹

414 3509 578 3577 Aedificia
614 3513 743 3577 urbana
776 3510 876 3577 etiam
914 3510 1054 3592 praedia
1091 3510 1307 3594 appellamus,
1340 3517 1376 3578 et
1408 3527 1498 3577 nemo

308 3615 509 3686 servitutem
531 3615 706 3696 acquirere
729 3617 843 3696 potest
865 3614 920 3683 vel
942 3613 1063 3681 urbani
1082 3615 1137 3682 vel
1153 3614 1269 3681 rnstiti
1285 3614 1423 3696 praedii,
1437 3610 1497 3682 nisi

309 3720 366 3801 qui
389 3720 493 3787 habet
515 3719 703 3802 praedium,
724 3735 786 3784 nec
809 3716 982 3797 quisquam
1008 3725 1123 3800 potest
1144 3719 1270 3785 habere
1293 3718 1497 3796 servitutem,

309 3823 377 3894 uisi
387 3824 512 3892 habeat
524 3821 705 3906 praedium.
715 3821 842 3898 caveri,
851 3825 889 3887 ut
898 3823 943 3887 ad
952 3827 1079 3889 certam
1089 3812 1303 3890 altitudinem
1316 3822 1494 3904 sepulcrum

310 3927 515 4012 aedificetur,
538 3944 604 3993 non
625 3930 748 4009 potest,
771 3929 850 4006 quia
872 3925 916 4009 id,
938 3928 1025 4005 quod
1049 3925 1185 3993 humani
1201 3927 1287 4012 juris
1303 3944 1378 3994 esse
1395 3923 1497 4003 desiit,
1583 3980 1584 3991 ,

311 4032 510 4100 servitutem
531 4048 597 4098 non
619 4029 751 4113 recipit,
774 4030 864 4098 sicut
885 4048 948 4097 nec
971 4029 1029 4095 illa
1059 4031 1191 4110 quidem
1221 4030 1367 4097 servitus
1398 4027 1494 4096 consi·

311 4141 403 4203 stare
419 4138 539 4218 potest,
553 4139 591 4201 ut
606 4138 721 4201 certos
737 4151 894 4200 numerus
910 4132 1075 4200 hominum
1090 4135 1124 4203 iu
1140 4151 1205 4199 uno
1221 4134 1293 4199 loco
1309 4133 1494 4214 sepeliatur,

416 4237 458 4304 It.
481 4238 591 4305 Solum
615 4256 784 4305 commune
807 4238 992 4319 vendendo,
1019 4241 1057 4302 ut
1079 4237 1160 4303 mihi
1190 4242 1233 4303 et·
1253 4236 1343 4304 socio
1366 4235 1493 4314 serviat,
1582 4290 1583 4327 ξ

311 4342 446 4411 efficere
480 4361 546 4409 uon
579 4360 723 4426 possum,
756 4342 835 4424 quia
866 4358 927 4425 per
957 4359 1058 4406 unum
1089 4341 1212 4409 socium
1243 4340 1406 4408 communi
1432 4337 1495 4404 solo
1582 4328 1583 4339 ’
