3275 5009
791 330 957 384 Sententiae

351 575 356 585 ·
385 539 580 622 Quaesitum
618 544 671 605 est
709 556 796 622 ergo,
836 538 914 616 quid
953 527 998 604 sit
1032 538 1119 622 juris
1153 538 1188 603 in
1222 539 1285 603 hoc
1320 557 1407 613 casu,
1444 545 1480 602 et

279 661 531 725 responsum
554 649 621 708 est
643 641 782 726 primo
806 643 869 706 sic:
901 643 947 709 Ut
971 643 1109 723 possitis
1132 644 1205 707 de
1192 660 1269 726 Jure
1292 641 1479 724 informari,

280 750 365 832 quod
389 747 551 828 quaeritis
579 751 619 813 de
643 748 696 826 M.,
726 747 782 827 qui
814 749 875 812 sub
908 765 990 827 pace
1020 745 1149 812 indicta
1179 745 1303 811 dicitur
1332 752 1480 810 tutorem

280 853 447 935 occisisse,
480 851 676 916 rescribatis
711 851 815 933 nobiS,
853 851 966 917 habito
1005 849 1158 933 diligenti
1192 837 1354 916 s'crutinio
1390 848 1482 914 inter

276 959 467 1042 juratoset
453 955 652 1037 tscauinos,
676 955 794 1034 quibus
818 963 898 1020 nola
930 964 982 1020 est
1012 954 1085 1020 vita
1115 959 1150 1018 et
1182 955 1395 1034 conversatio
1428 955 1483 1036 M,

280 1062 427 1142 qualiter
449 1060 521 1140 ipse
545 1078 580 1124 se
605 1058 768 1140 prioribus
792 1060 998 1140 tenporibus
1022 1058 1286 1138 conservaverit,
1309 1063 1421 1124 utrum
1441 1060 1483 1122 de

281 1167 392 1246 aliquo
416 1165 501 1230 malo
524 1163 614 1230 lacto
638 1164 683 1228 sit
706 1171 894 1229 accusatus.
919 1163 965 1227 ut
988 1162 1186 1238 secundo,
1206 1171 1315 1228 utrum
1332 1161 1368 1226 iu
1386 1182 1483 1244 prae·

282 1270 391 1353 sentia
414 1269 579 1333 homiuum
609 1267 733 1332 iactum
765 1266 819 1348 sit,
850 1270 937 1346 quod
971 1276 1113 1332 tutorem
1149 1267 1274 1338 dicitur
1307 1267 1483 1343 arrisisse,

281 1376 359 1455 quia
383 1372 568 1454 scripsistis
592 1370 694 1439 nobis.
725 1373 809 1450 quod
834 1377 992 1452 tempore,
1023 1389 1087 1450 quo
1118 1372 1188 1436 itur
1217 1373 1261 1435 ad
1292 1371 1485 1451 ecclesian,

281 1479 316 1548 in
339 1479 395 1543 via
418 1480 541 1553 eaden,
575 1495 634 1555 per
656 1495 752 1555 quan
784 1480 896 1540 tanen
926 1474 1121 1554 frequenter
1151 1476 1300 1540 homiues
1331 1475 1486 1541 transire

283 1585 400 1664 solent,
431 1583 476 1647 sit
504 1582 642 1662 occisae,
673 1587 707 1645 et
738 1580 765 1644 si
797 1581 931 1646 videtur
953 1581 1060 1661 vobis,
1092 1582 1179 1659 quod
1203 1579 1307 1659 aliqui
1330 1581 1486 1644 homines

283 1686 499 1754 interfuerint
521 1681 687 1766 occisioni,
711 1685 784 1749 illos
808 1684 988 1766 diligenter
1011 1683 1157 1748 audiatis
1179 1692 1321 1764 secrete,
1337 1691 1373 1747 et
1390 1687 1484 1764 quic-

284 1793 362 1873 quid
387 1790 481 1855 vobis
506 1789 663 1869 dixerint,
688 1793 771 1855 bene
796 1790 1056 1864 considerantes,
1087 1789 1182 1853 uobis
1206 1787 1331 1852 clausis
1355 1788 1486 1854 litteris

284 1895 489 1964 rescribatis.
504 1894 654 1974 Tertio
668 1894 768 1958 etiam
780 1892 965 1957 informetis
978 1912 1047 1973 uos,
1060 1904 1170 1957 utrum
1185 1893 1226 1956 M.
1239 1900 1401 1975 tempore,
1417 1912 1485 1973 quo

280 2004 385 2086 judex
408 2017 522 2080 pacem
546 2000 610 2063 sibi
634 1999 844 2079 praecipiens
868 2006 903 2064 et
923 1998 1137 2080 fidejussores
1154 1999 1194 2061 de
1211 2015 1295 2077 paee
1310 2001 1487 2063 servanda

284 2109 325 2172 ab
349 2107 421 2185 ipso
446 2117 573 2184 petens,
598 2105 711 2168 statim
737 2105 888 2170 benivole
912 2104 1125 2185 fidejussores
1158 2102 1323 2181 posuerit,
1348 2102 1487 2168 dicens:

287 2211 451 2292 „libenter
465 2227 545 2287 pace
560 2209 732 2289 servabo‘,
744 2207 798 2271 vel
811 2207 840 2270 si
853 2206 1104 2287 contradixerit,
1125 2214 1160 2270 et
1175 2223 1232 2286 per
1244 2205 1486 2285 captivitatem

284 2315 338 2381 vel
350 2313 449 2377 alium
463 2313 591 2376 modun
604 2310 769 2376 difficilem
784 2312 826 2375 ad
840 2313 977 2376 eandem
992 2309 1235 2392 fidejussionem
1248 2309 1293 2374 sit
1309 2309 1483 2374 inductus.

284 2419 329 2482 Et
353 2419 477 2496 statim,
501 2421 538 2481 ut
560 2417 602 2481 de
620 2416 800 2494 praedictis
817 2416 926 2480 tribus
941 2433 1001 2480 uos
1017 2413 1287 2496 informaveritis,
1303 2433 1364 2478 vos
1382 2433 1485 2496 expe-

286 2524 412 2587 diemus
436 2523 477 2585 de
501 2519 679 2595 sententia,
703 2539 798 2599 quam
827 2520 1015 2600 quaesistis

390 2627 441 2692 Ad
465 2627 551 2704 quod
574 2625 622 2689 illi
642 2625 747 2708 jurati
770 2626 1104 2704 responderunt,
1127 2625 1215 2701 quod
1236 2622 1279 2687 M.
1296 2625 1484 2689 transactis

285 2731 412 2810 aliquot
435 2731 529 2794 anuis
547 2730 580 2793 in
597 2748 710 2810 campo
728 2748 799 2794 cum
817 2748 878 2793 sua
895 2729 980 2793 mala
997 2729 1160 2792 societate
1178 2729 1296 2792 bouum
1315 2729 1485 2794 homiuem

285 2836 479 2900 occiderunt
503 2834 611 2898 anino
636 2834 829 2915 deliberato,
848 2849 882 2896 et
897 2831 999 2912 aliqui
1017 2833 1164 2912 eiusdem
1180 2833 1287 2896 malae
1304 2833 1485 2898 societatis

287 2939 442 3004 dicuutur
465 2937 623 3003 occisioni
649 2937 771 3002 tutoris
804 2936 1006 3002 interfuisse.
1038 2936 1199 3014 Secundo,
1229 2938 1316 3015 quod
1348 2937 1485 3002 honesti

285 3043 444 3120 honines,
479 3042 599 3120 quibus
634 3042 751 3106 merito
788 3043 987 3107 credendum
1023 3046 1084 3121 est,
1118 3040 1152 3104 iu
1186 3058 1295 3105 eorem
1326 3042 1426 3107 iidem
1449 3049 1485 3107 et

286 3146 523 3211 conscientian
555 3153 734 3227 testantur,
765 3164 801 3210 se
832 3145 968 3226 vidisse,
999 3147 1095 3224 quod,
1110 3144 1152 3209 M.
1176 3162 1251 3208 cum
1274 3146 1344 3209 suis
1368 3147 1485 3211 invia

287 3251 458 3320 ecclesiae.
496 3256 533 3313 ut
570 3251 807 3329 praemittitur,
846 3254 990 3313 tutorem
1028 3250 1068 3311 de
1107 3247 1239 3312 insidiis
1273 3265 1376 3329 super
1411 3268 1484 3314 eun

286 3355 415 3420 irruens
439 3355 617 3418 interemit.
642 3354 766 3432 Tertio,
790 3356 877 3432 quod
901 3371 966 3417 non
988 3351 1178 3417 voluntarie
1202 3371 1318 3433 pacem
1342 3371 1484 3418 servare

286 3459 446 3540 promisit,
470 3459 533 3522 imo
558 3458 746 3538 perminus
771 3458 981 3537 captivitatis
1006 3459 1048 3520 ad
1066 3459 1249 3536 ponendum
1267 3457 1483 3539 fideJussores

285 3567 327 3628 de
352 3582 432 3644 paee
456 3565 623 3628 servanda
648 3561 830 3628 diiliculter
853 3567 905 3626 est
929 3567 1072 3626 coactus.

391 3668 443 3732 Ex
467 3668 586 3745 quibus
612 3668 761 3731 omnibus
786 3670 923 3731 senatus
941 3667 1128 3748 juratorum
1144 3671 1313 3744 tanquan
1330 3684 1371 3730 ex
1390 3684 1482 3747 prae-

286 3771 531 3851 sumptionibus
554 3770 754 3835 necessariis
777 3768 856 3834 moti
873 3769 1050 3835 diffinitive
1067 3769 1377 3849 pronuntiaverunt,
1395 3773 1483 3849 qnod

287 3877 329 3941 M.
355 3878 630 3957 expurgationem
652 3874 818 3938 homicidii
842 3876 966 3938 habere
988 3893 1053 3939 non
1073 3878 1181 3954 potest
1197 3874 1261 3938 sibi
1277 3875 1425 3954 impositi
1441 3877 1480 3939 de

283 3981 368 4064 jure,
391 3980 421 4042 h.
437 4000 463 4043 e.
480 3978 666 4061 vulgariter
683 3978 822 4042 dicendo
845 3977 907 4058 „M
927 3979 1002 4041 mak
1018 3978 1107 4059 keyn
1123 3979 1332 4042 berednuezz
1350 3979 1480 4043 habin“.

391 4083 445 4147 Et
468 4083 536 4147 hic
561 4088 675 4147 nota:
706 4080 1000 4162 Praesumptiones
1028 4082 1145 4146 saltem
1168 4081 1393 4163 necessariae,
1416 4100 1479 4147 uon

288 4188 391 4252 solun
414 4207 488 4268 uua,
511 4189 574 4252 imo
599 4187 709 4266 plures
735 4193 769 4250 et
793 4185 917 4250 multae
943 4186 996 4251 vel
1012 4186 1163 4266 pluribus
1180 4186 1308 4251 vicibus
1326 4185 1478 4259 iteratae,

288 4292 381 4356 utin
405 4311 516 4357 casum
539 4291 746 4371 praescripto
770 4289 893 4355 factum
917 4297 977 4371 est,
1005 4290 1122 4355 merito
1147 4290 1311 4355 moverint
1336 4291 1478 4354 aninum
