3275 5009
335 360 386 411 100
849 355 1015 412 Sententiae

333 582 407 630 eum
430 571 593 646 servaret,
615 564 678 630 tali
700 563 891 631 conditione
912 564 1109 640 dimittetur,
1125 563 1213 644 quod
1225 562 1354 646 J'urabit
1369 562 1401 626 in
1417 581 1514 645 11111,

333 667 490 748 quicquid
512 667 683 734 laboribus
706 669 777 735 suis
800 667 955 748 acquiret
977 675 1012 733 et
1036 665 1211 748 obtinebit,
1240 668 1281 732 de
1310 667 1372 732 hoc
1399 668 1513 732 duobus

333 771 479 839 denariis
502 791 562 854 pro
585 773 801 863 1111111111,
824 772 964 839 tertium
987 770 1134 838 debitori
1157 770 1261 852 dabit,
1292 776 1514 850 1111111111

332 876 480 943 debiturn
504 875 568 941 sibi
591 877 710 944 solvat.
733 876 804 959 Quo
828 877 927 960 facto,
944 894 1159 957 quascunque
1175 893 1229 941 res
1247 879 1366 956 postea
1379 875 1514 942 creditor

330 982 420 1064 apud
442 984 549 1062 ipsum
571 980 749 1060 invenerit,
779 983 820 1047 de
850 981 902 1047 his
926 980 1062 1046 tertiam
1092 983 1221 1062 partem
1246 979 1406 1060 recipiet3
1437 982 1513 1045 unde

332 1084 433 1151 etiam
456 1086 497 1151 de
520 1085 630 1151 tribus
653 1085 837 1152 denariatis
860 1085 980 1167 pannis
1003 1085 1058 1150 vel
1082 1087 1124 1150 de
1148 1084 1256 1151 tribus
1277 1083 1402 1151 tunicis
1425 1083 1515 1150 etiam

331 1195 444 1271 potest
465 1192 506 1255 ab
531 1207 570 1255 11
592 1189 735 1256 aufferre
758 1197 793 1257 et
816 1190 953 1272 insuper
983 1189 1012 1254 si
1040 1208 1106 1254 uua
1138 1188 1211 1254 viae
1243 1189 1391 1254 valorem
1420 1188 1514 1254 totius

331 1293 437 1360 debiti
459 1294 547 1376 apud
570 1313 643 1360 eum
665 1293 844 1375 invenerit,
868 1293 964 1359 simul
987 1299 1095 1358 totum
1118 1291 1183 1358 sibi
1213 1291 1366 1372 recipere
1396 1292 1514 1358 licitum
1593 1321 1595 1372 5

332 1406 432 1478 esset,
462 1397 532 1479 ipso
554 1397 639 1475 jure.
669 1398 716 1464 Et
739 1398 768 1462 si
791 1400 957 1464 secundus
981 1396 1129 1462 creditor
1144 1395 1384 1478 superveniens
1401 1396 1515 1462 dictum
1593 1385 1595 1474 ῗ

332 1501 500 1582 captivum
522 1505 611 1581 apud
634 1502 839 1583 subjudicem
868 1500 1100 1567 interdixerit:
1129 1499 1179 1565 illi
1210 1499 1365 1566 similiter
1389 1501 1515 1585 jurabit,
1593 1495 1595 1545 l

331 1608 418 1684 quod
442 1610 566 1689 pagato
590 1605 696 1687 primo
718 1605 827 1686 ipsum
850 1611 968 1694 postea
993 1604 1148 1685 expediet
1180 1607 1272 1670 modo
1307 1605 1515 1687 praescripto.

434 1744 721 1810 Haliacmon
745 1766 838 1808 casus
861 1744 1077 1809 detruncatos.
1107 1744 1248 1827 Quidam
1277 1743 1381 1810 talem
1410 1762 1514 1826 propo·
1593 1765 1594 1774 ¹

330 1857 470 1923 suerunt
503 1868 631 1917 casum:
664 1851 801 1915 Andrea
830 1847 877 1914 ¹de
912 1849 1041 1914 Meueis
1071 1867 1182 1914 coram
1213 1849 1309 1916 nobis
1339 1850 1375 1915 in
1401 1848 1514 1934 judicio
1593 1847 1594 1934 ,

329 1953 483 2035 Philippo
508 1961 543 2020 et
566 1954 700 2034 Tharne,
723 1973 807 2034 quos
830 1953 865 2018 in
888 1952 996 2018 media
1021 1957 1141 2032 quarta
1160 1971 1272 2018 marca
1295 1972 1401 2036 grass.
1425 1954 1513 2035 Prag.
1593 1961 1594 1988 ³

329 2057 538 2142 fidejussoria
589 2057 654 2123 sibi
698 2058 809 2123 teneri
861 2057 1005 2139 dicebat,
1059 2062 1293 2139 conquerente,
1346 2057 1512 2140 Philippus
1592 2069 1593 2072 ’

329 2162 520 2244 respondit:
559 2162 646 2245 Quia
675 2163 710 2227 in
744 2161 852 2228 media
886 2166 984 2243 parte
1019 2161 1130 2226 dictae
1164 2161 1327 2242 pecuniae
1361 2161 1457 2248 (puta
1486 2161 1514 2225 11
1591 2235 1592 2238 ¹

329 2274 457 2348 septem
481 2265 682 2348 1111111111)
705 2265 770 2331 sibi
793 2266 1000 2350 obligaretur
1021 2266 1121 2331 titulo
1144 2265 1380 2350 fidejussionis,
1410 2267 1513 2348 adjun-

330 2389 421 2453 gens,
445 2373 532 2451 quod
555 2371 620 2436 sibi
643 2370 822 2452 patienter,
845 2373 949 2436 donec
973 2370 1042 2436 suis
1070 2370 1239 2436 laboribus
1271 2373 1313 2436 ad
1344 2373 1405 2436 hoc
1434 2370 1514 2437 sulli-
1591 2448 1592 2472 ἦ

331 2479 434 2554 11111,
471 2492 543 2541 eum
565 2475 737 2541 induciare
771 2475 978 2558 dignaretur,
1019 2493 1084 2540 non
1116 2476 1220 2539 solum
1253 2474 1362 2541 dictos
1396 2480 1514 2556 septem
1589 2478 1593 2506 ²

328 2577 488 2660 fertones,
510 2579 576 2644 imo
600 2584 706 2644 totum
728 2580 859 2645 solvere
883 2579 948 2645 sibi
970 2578 1075 2644 vellet
1106 2578 1255 2644 debitum
1285 2578 1513 2660 supradictum.

329 2683 483 2748 Andreas
506 2701 586 2749 vero
610 2685 652 2748 ad
676 2684 768 2748 dicta
791 2685 897 2751 verba
920 2683 1066 2765 Philippi
1090 2700 1127 2748 se
1146 2701 1211 2748 non
1228 2689 1438 2765 1111111111,
1461 2699 1513 2746 111
1590 2707 1591 2734 ÷

329 2803 371 2851 ea
393 2786 426 2850 in
450 2804 520 2868 nos,
543 2786 674 2854 scilicet
692 2787 838 2871 judicem
862 2794 897 2854 et
916 2789 1058 2871 juratos,
1081 2792 1282 2868 protestare,
1308 2786 1343 2852 in
1366 2788 1513 2853 Theman
1590 2787 1591 2824 i

324 2907 385 2970 pro
411 2896 556 2968 quatuor
578 2892 699 2958 marcis
722 2891 874 2976 integris,
904 2892 939 2957 in
969 2892 1089 2970 quibus
1121 2891 1185 2957 sibi
1217 2910 1259 2956 ex
1288 2889 1512 2975 fidejussionis,
1590 2931 1591 2962 2

326 2993 488 3075 promisso
521 3001 705 3077 teneretur,
734 2997 813 3078 egit.
846 2995 911 3080 Qui
943 3013 1015 3060 cum
1045 3008 1196 3078 negaret,
1224 2993 1400 3077 Philippus
1423 2993 1513 3076 petiit

1586 2827 1591 2930 l

325 3117 385 3178 pro
409 3117 446 3163 se
471 3098 647 3167 diffinitive
671 3099 896 3181 pronuntiari:
920 3099 1001 3165 Cum
1023 3101 1180 3164 Andreas
1197 3099 1357 3165 Thomam
1373 3117 1432 3180 pro
1448 3103 1512 3163 tota
1588 3146 1591 3154 2

324 3201 536 3284 praescripta
559 3204 701 3284 pecunia
730 3208 765 3268 et
794 3203 932 3283 insuper
961 3222 1020 3283 pro
1054 3203 1161 3268 media
1192 3220 1304 3268 marca
1335 3202 1512 3283 impetisset
1590 3195 1593 3274 1

324 3311 360 3371 11
383 3306 605 3390 11111111111,
627 3312 738 3372 utrum
760 3306 834 3389 ipse
858 3309 899 3373 ab
925 3309 995 3390 ejus
1020 3306 1152 3372 actione
1176 3324 1242 3372 non
1265 3313 1358 3372 esset
1375 3304 1511 3390 justitia·
1590 3325 1592 3360 1

323 3409 403 3474 11111
427 3409 625 3477 absolutus?
653 3408 723 3493 Quo
748 3411 863 3477 audito
894 3412 1037 3477 Thomas
1068 3415 1207 3476 econtra
1238 3409 1363 3492 petiuit
1392 3429 1451 3491 pro
1480 3425 1510 3474 se

325 3513 576 3580 sententialiter
622 3514 759 3579 dictari:
805 3515 884 3581 Oum
922 3515 1096 3596 Philippus
1135 3517 1175 3580 de
1214 3514 1370 3596 praefato
1407 3513 1509 3580 debito

322 3618 435 3684 fassus
458 3617 589 3700 fuisset,
613 3624 722 3683 utrum
745 3618 818 3698 ipse
842 3621 885 3685 ad
908 3620 1064 3686 Andreae
1087 3624 1264 3685 teneretur
1283 3616 1508 3698 querimoniam

323 3721 551 3802 respondere?
594 3722 743 3787 Petimus
787 3723 910 3804 itaque,
949 3729 1059 3788 utrum
1103 3727 1197 3789 ambo
1231 3723 1442 3807 fidejussores
1473 3721 1508 3785 11

324 3827 461 3891 Andrea
484 3826 553 3890 sint
576 3825 729 3907 absoluti,
754 3828 808 3892 vel
831 3828 909 3907 quid
928 3827 1014 3912 juris
1038 3831 1072 3890 in
1095 3828 1156 3893 hoc
1180 3845 1260 3892 casu
1283 3825 1396 3910 luerit,
1425 3823 1507 3891 nobis

321 3929 446 3997 vestris
468 3930 579 3994 literis
603 3931 781 3995 declarari.

427 4033 590 4116 Quibus
609 4034 873 4115 rescriptum
888 4035 990 4100 init:
1014 4035 1109 4119 Quod
1126 4041 1247 4101 neuter
1263 4041 1318 4100 est
1334 4033 1507 4106 absolutus,

321 4138 454 4205 Primus
481 4138 576 4220 enim,
608 4137 665 4218 qui
686 4138 797 4204 fassus
822 4147 875 4205 est
899 4143 940 4206 de
963 4149 1090 4220 septem
1114 4138 1313 4220 1111111111,
1347 4137 1505 4220 adjiciens,

321 4243 407 4323 quod
441 4243 542 4310 etiam
577 4248 681 4308 totam
715 4244 889 4324 pecuniam
918 4256 1059 4324 quartae
1092 4244 1220 4309 mediae
1249 4259 1391 4326 1111111,
1421 4255 1504 4321 quam

321 4349 386 4414 cito
411 4363 488 4413 eam*
507 4347 576 4414 suis
599 4345 767 4413 laboribus
791 4347 943 4412 obtinere
967 4354 1092 4429 posset,
1123 4347 1188 4413 sibi
1215 4346 1377 4430 expedire
1403 4343 1503 4420 vellat,
1588 4425 1589 4446 ξ

1584 4867 1588 4980 l
