3275 5009
233 371 284 422 188
748 366 913 423 Sententiae

235 580 345 661 debet,
376 594 512 644 causam
542 594 634 642 suam
664 575 844 643 defendere
874 577 930 644 vel
960 574 1113 642 obtinere
1143 580 1258 656 posset
1284 574 1435 658 jurando

234 683 339 750 solum
361 681 485 763 verbis,
516 682 688 748 dummodo
720 679 857 748 formam
890 680 1039 747 debitam
1069 698 1135 746 non
1166 682 1327 761 mutaret;
1360 695 1437 744 non

232 788 319 854 onim
334 805 452 853 manus
467 786 619 868 mutatio,
636 787 695 851 sed
711 785 837 852 formae
849 784 1030 869 juramenti
1047 783 1191 851 variatio
1203 783 1436 866 juramentum

231 891 343 959 salvat
373 892 427 959 vel
458 889 648 972 corrumpit.
679 887 764 972 Quia
793 897 907 956 tamen
934 908 977 956 ex
999 891 1185 972 approbata
1209 893 1244 954 et
1266 888 1437 955 communi

232 995 474 1062 consuetudine
487 993 713 1078 juramentum
730 997 850 1062 dextra
865 1012 965 1062 manu
980 993 1054 1059 11111
1069 991 1254 1077 consuevit,
1269 992 1300 1058 si
1311 993 1437 1077 jurans

233 1117 275 1166 ex
297 1099 469 1181 protervia
493 1103 528 1164 et
546 1099 735 1181 pertinacia
759 1099 950 1170 voluntarie
966 1117 1096 1165 manum
1114 1097 1283 1163 sinistram
1299 1097 1438 1164 levaret

232 1222 292 1270 sen
316 1204 408 1271 cruci
430 1207 635 1286 supponeret
657 1223 717 1285 pro
741 1206 879 1270 dextra:
904 1222 1039 1270 cansam
1054 1205 1181 1284 perdet.
1204 1201 1241 1268 Si
1259 1206 1371 1268 eutem
1389 1219 1437 1268 ex

231 1309 399 1378 oblivione
411 1314 446 1376 et
457 1327 523 1375 non
540 1308 655 1375 dolose
671 1309 734 1376 hoc
749 1309 925 1394 contingit,
937 1311 1056 1393 jurans
1070 1309 1106 1375 in
1122 1324 1225 1374 causa
1239 1324 1304 1372 non
1321 1305 1436 1387 cadit3

232 1413 442 1481 nihilominus
477 1419 515 1478 ut
546 1414 753 1481 consuetudo
776 1420 942 1497 servetur,
973 1415 1003 1480 si
1033 1430 1135 1479 causa
1162 1417 1215 1478 est
1237 1408 1434 1491 criminalis,

232 1519 281 1584 ita
316 1519 403 1598 quod
434 1517 470 1584 in
500 1519 701 1602 juramentis
737 1519 902 1604 ,11111111ι
939 1537 1006 1585 non
1039 1518 1215 1597 habeatur,
1248 1515 1307 1594 qui
1333 1512 1434 1595 jurat

222 1621 371 1712 sinistra
393 1641 500 1700 manu,
529 1623 728 1707 judicandus
753 1629 806 1690 est
829 1626 968 1690 tantum
987 1622 1148 1704 ,holung“
1174 1617 1369 1701 perdidisse,
1396 1622 1435 1684 et

233 1728 334 1820 debet
356 1731 475 1808 postea
498 1729 620 1794 dextra
643 1745 740 1794 mann
760 1727 885 1810 jnrare.
909 1727 956 1792 Et
985 1732 1064 1792 tunc
1086 1725 1268 1791 secundnm
1289 1722 1433 1792 formam

229 1831 411 1915 juramenti
419 1849 519 1913 quam
530 1836 647 1898 servat
657 1831 713 1898 vel
722 1835 920 1915 nonservat,
933 1849 1068 1897 causam
1080 1829 1211 1895 obtinet
1222 1827 1276 1898 vel
1284 1825 1432 1892 amittat.

336 1987 408 2054 452.
438 1986 490 2050 De
512 1991 701 2071 juramento
733 1997 829 2050 eontra
851 1987 1017 2072 judicium
1047 1984 1141 2047 ciuile
1169 1985 1289 2067 posito.
1320 1983 1432 2049 Homo

233 2091 352 2158 nobilis
384 2099 418 2158 et
450 2093 616 2175 militaris
654 2099 689 2158 et
720 2093 863 2159 clericus
894 2092 1078 2173 ordinatae,
1110 2089 1260 2170 quamvis
1292 2105 1432 2168 respon·

233 2197 335 2276 deaut
357 2215 417 2278 pro
442 2199 564 2264 debitis
588 2198 768 2283 injudicio
793 2196 896 2280 civili,
918 2203 1032 2262 tamen
1055 2195 1084 2261 si
1102 2194 1219 2276 jurare
1246 2194 1369 2258 debent
1395 2194 1433 2255 11

232 2305 361 2383 petunt,
384 2302 577 2384 adjudices
602 2303 753 2383 proprios
777 2300 877 2385 (puta
900 2300 1027 2367 nobiles
1050 2300 1092 2365 ad
1116 2296 1363 2379 provincialem,
1393 2299 1431 2360 et

233 2405 406 2471 ordinatus
430 2407 473 2471 ad
501 2408 720 2490 canonicum),
744 2408 832 2487 quod
861 2424 971 2472 coram
994 2404 1043 2470 eis
1062 2403 1186 2488 jurent,
1212 2419 1303 2466 more
1326 2399 1428 2466 solito

233 2508 456 2576 remittantur.

336 2665 408 2730 453.
447 2664 493 2726 De
515 2667 702 2746 juramento
737 2686 799 2726 eoo
835 2673 960 2727 tautum
994 2663 1098 2740 1111111
1126 2661 1231 2745 facto.
1254 2660 1329 2745 ¹Qui
1358 2678 1426 2725 11110

232 2768 338 2853 digito
361 2769 493 2835 elevato
516 2769 571 2834 vel
595 2770 685 2834 cruci
701 2769 872 2850 supposito
896 2770 997 2852 jurat,
1023 2786 1089 2834 non
1104 2767 1235 2832 obtinet
1250 2765 1427 2846 intentum,

232 2871 310 2952 quia
333 2891 464 2955 semper
485 2873 520 2940 in
538 2874 561 2939 J
563 2873 678 2939 unibus
696 2872 923 2956 Originalibus
940 2873 1114 2939 civitatum
1131 2869 1300 2947 scribitur,
1318 2870 1426 2950 ,quod

228 2975 454 3059 juramentum
473 2978 545 3043 fieri
567 2980 667 3044 debet
683 2997 756 3044 cum
772 2979 900 3043 duobus
917 2977 1033 3059 digitis
1050 2975 1104 3043 vel
1121 2993 1193 3040 cum
1210 2975 1281 3039 sole
1297 2974 1428 3056 manu“,

232 3084 268 3146 et
289 3082 352 3146 hoo
376 3085 428 3146 est
450 3085 596 3147 tractum
619 3085 660 3148 de
684 3081 859 3162 Scriptura
882 3100 989 3158 sacra,
1019 3080 1076 3146 ubi
1104 3078 1236 3155 dicitur,
1260 3078 1347 3159 quod
1372 3077 1426 3159 „in

232 3201 289 3250 ore
313 3187 451 3251 duorum
475 3186 529 3253 vel
552 3186 650 3252 trium
673 3187 810 3252 testium
833 3191 904 3251 stat
928 3203 1021 3252 omne
1048 3185 1216 3251 verbum“.

336 3342 407 3404 454.
432 3341 482 3403 De
497 3346 684 3424 jorrorueuto
708 3344 1049 3421 extraderriqenarum.
1072 3340 1109 3406 Si
1131 3339 1306 3420 RenenSiS,
1329 3337 1425 3416 Saxo,

232 3446 287 3511 vel
303 3446 440 3528 Suevnn
455 3445 510 3511 vel
526 3445 724 3529 alienigena,
740 3445 840 3510 alium
856 3447 983 3512 habens
999 3447 1130 3511 modum
1144 3443 1310 3524 loquendi,
1327 3459 1424 3522 quarn

232 3548 320 3629 loqui
345 3554 538 3615 consuetum
554 3553 615 3632 est,
633 3548 748 3630 jurare
766 3549 930 3631 debuerit,
947 3558 981 3614 et
998 3568 1071 3615 cum
1088 3550 1272 3614 advocatus
1287 3546 1423 3612 formam

232 3655 296 3719 sibi
319 3654 484 3735 praedicit
506 3658 542 3719 et
565 3653 765 3732 considerat,
789 3655 877 3733 quod
898 3655 1004 3718 verba
1027 3653 1114 3718 sicut
1132 3651 1168 3718 in
1183 3652 1253 3718 suis
1269 3651 1421 3732 partibus

232 3757 417 3846 consuevit,
449 3757 586 3840 profert,
620 3756 862 3834 111111111111
896 3757 961 3823 alio
995 3758 1089 3822 modo
1126 3754 1274 3836 11111111
1297 3759 1425 3836 potest:

232 3861 517 3944 protestationem,
540 3865 719 3939 antequam
738 3861 857 3943 jurans
889 3878 1019 3926 crucem
1049 3864 1179 3943 tangat,
1203 3861 1330 3926 dehoc
1355 3877 1424 3940 pro·

232 3972 343 4048 ponat,
366 3970 401 4031 et
424 3966 473 4031 sic
496 3963 764 4046 impedimentum
788 3965 1047 4043 consuetudinis,
1077 3982 1162 4045 quae
1190 3966 1424 4044 quodammodo

232 4068 348 4134 similis
373 4074 425 4134 est
447 4073 598 4148 naturae,
621 4069 840 4136 variationem
864 4067 989 4134 formae
1011 4067 1191 4152 jnramenti
1213 4074 1360 4134 excusat.

279 4309 281 4312 Ι
335 4225 408 4288 455.
430 4222 470 4286 Si
484 4228 604 4307 jurans
628 4227 691 4288 ecit
713 4225 846 4290 diverso
862 4226 1030 4303 idiomata,
1047 4223 1105 4285 ereb
1122 4245 1182 4306 quo
1190 4227 1309 4305 jorrare
1323 4223 1417 4288 debet.

232 4327 268 4394 Si
287 4326 401 4409 jurare
425 4328 549 4393 debens
573 4329 706 4395 diversa
737 4329 803 4396 scit
832 4330 998 4409 idiomata,
1026 4327 1154 4410 Jurabit
1177 4331 1238 4394 sub
1267 4327 1415 4407 naturali,
