3275 5009
804 329 968 382 Sententiae

571 540 814 622 Capitulum
838 539 934 605 LXI:
959 539 1018 606 De
1041 545 1205 621 stupro.

393 682 478 757 619,
487 683 561 749 620.
572 681 622 743 Dc
631 691 745 764 stupro
758 687 788 741 et
800 689 942 762 rapturo
955 676 1136 742 meliorato.
1149 677 1185 744 Si
1197 677 1293 760 virgo
1305 678 1339 742 in
1350 679 1470 759 sirtille,

289 787 378 853 sicut
400 786 500 852 moris
524 791 585 867 est,
608 783 798 850 voluntarie
830 789 997 864 raptorem
1030 781 1223 863 accesserit,
1254 781 1320 847 sibi
1350 782 1473 864 dabitur,

289 891 497 970 innuerem,
532 889 563 955 si
585 901 695 954 autem
719 891 762 954 ad
786 895 946 971 parentes
977 887 1208 968 declinaverit,
1239 890 1275 953 et
1307 891 1416 968 raptor
1439 890 1471 952 et

290 996 372 1085 socii
395 995 447 1061 sui
470 994 608 1074 capitali
632 992 822 1058 sententiae
842 994 1069 1076 subjacebunt.

394 1099 437 1164 It.
453 1099 488 1164 Si
504 1098 645 1164 famulus
669 1096 725 1165 vel
747 1095 836 1162 alter
856 1096 1054 1177 quicumque
1072 1114 1110 1162 se
1130 1097 1172 1162 de
1191 1094 1328 1162 muliere
1344 1097 1470 1162 honeste

286 1203 478 1288 jactaverit,
503 1202 553 1268 sic
576 1219 648 1267 eam
672 1200 875 1285 infamando,
898 1207 934 1267 et
956 1202 1017 1268 boc
1048 1201 1128 1268 talis
1151 1201 1270 1268 mulier
1293 1203 1364 1269 sive
1382 1202 1468 1267 vidua

291 1309 497 1388 querulando
522 1309 564 1372 ad
588 1306 743 1372 scabinos
766 1307 954 1386 deduxerit,
977 1311 1097 1389 petens
1119 1305 1184 1372 sibi
1201 1304 1401 1372 sententiali
1416 1323 1471 1370 non

291 1415 332 1478 de
357 1411 517 1478 violentia
539 1409 633 1475 iacta
660 1409 725 1476 sibi
755 1410 789 1476 in
820 1410 955 1493 honore,
985 1412 1045 1476 sed
1075 1409 1181 1476 solnm
1212 1412 1251 1475 de
1283 1410 1394 1477 verbis
1421 1427 1476 1489 per

290 1533 423 1582 servum
447 1513 654 1581 mendaciter
676 1513 833 1596 prolatis:
857 1515 1052 1581 curretiam
1076 1515 1188 1597 potius
1216 1514 1263 1579 sit
1287 1516 1475 1580 credendum

291 1619 516 1700 querimoniae
539 1618 686 1685 mulieris
709 1617 856 1686 famosae
879 1621 920 1685 de
937 1619 1049 1686 verbis
1065 1637 1163 1700 quam
1179 1617 1379 1685 confessioni
1393 1617 1475 1684 servi

291 1742 432 1804 nequam
456 1724 497 1789 de
520 1722 630 1806 factis,
653 1726 688 1789 et
712 1723 893 1805 potissime,
917 1741 991 1789 cnm
1015 1728 1155 1806 propter
1184 1725 1289 1792 verba
1319 1721 1479 1804 pretiosus

291 1829 428 1912 sanguis
452 1828 615 1893 humanos
638 1845 704 1893 non
727 1827 773 1894 sit
795 1825 1012 1895 effundendus
1036 1828 1127 1895 etin
1151 1827 1269 1910 poenis
1301 1827 1410 1893 mitius
1433 1823 1482 1890 sit

291 1936 464 2018 agendum.
488 1931 622 2016 suflicit,
637 1933 725 2013 quod
741 1931 820 1998 talis
837 1928 1026 1998 dilianator
1041 1930 1155 1998 excisa
1170 1931 1289 2017 lingua
1305 1930 1484 2013 repellatur

291 2057 312 2104 a
335 2037 484 2121 civitate,
506 2054 685 2117 numquam
707 2038 769 2101 snb
793 2053 900 2118 poene
922 2035 1044 2118 capitis
1071 2053 1277 2104 reversurus.

397 2140 595 2228 (Residuum
617 2157 741 2220 quaere
764 2158 868 2222 snpra
893 2139 972 2222 „De
993 2138 1299 2227 mulieribus“.)

458 2329 709 2412 Capitulum
733 2328 849 2396 LXII:
873 2327 931 2395 De
953 2328 1327 2396 successionibus,

398 2471 470 2534 621.
495 2469 544 2531 De
566 2466 820 2532 successionibus
836 2466 877 2530 ab
893 2467 1056 2534 intestato.
1079 2467 1116 2534 Si
1130 2468 1221 2535 filius
1236 2489 1257 2535 a
1272 2471 1366 2536 domo
1381 2469 1488 2551 patris

293 2593 355 2658 per
388 2573 577 2641 dotalitium
610 2573 665 2647 vel
698 2572 885 2654 portionem
918 2573 1156 2639 beredItariam
1191 2573 1417 2656 emancipatus
1454 2578 1490 2639 et

294 2680 429 2769 tandem
454 2678 526 2743 sine
550 2695 652 2743 uxore
675 2683 711 2742 et
733 2677 848 2744 liberis
868 2675 1018 2750 'moritur
1049 2678 1262 2746 intestatus:
1279 2681 1374 2761 bona,
1402 2696 1486 2758 qnae

295 2783 464 2864 relinquit,
488 2780 517 2846 si
539 2781 706 2848 laboribus
733 2775 773 2847 ea
797 2782 1039 2862 conquaesivit,
1069 2781 1119 2847 ita
1144 2785 1233 2861 qnod
1254 2800 1275 2847 a
1299 2788 1395 2863 patre
1423 2799 1488 2847 non

295 2885 540 2970 processerunt,
563 2884 674 2967 potius
697 2891 878 2953 transeunt
899 2889 943 2952 ad
969 2886 1094 2952 tratres
1117 2892 1152 2951 et
1182 2905 1316 2952 sorores
1344 2888 1486 2971 ejusdem

294 2991 362 3074 filii,
398 3009 495 3071 qnam
529 2991 572 3055 ad
606 2995 750 3070 patrem3
790 3007 938 3071 paupere
970 2995 1081 3056 tamen
1117 2991 1286 3056 existente
1321 3000 1416 3071 patre
1453 2994 1488 3054 et

296 3095 458 3161 fratribus
482 3098 516 3159 et
539 3093 708 3159 sororibus
731 3092 839 3161 minos
862 3094 1100 3178 indigentibus,
1121 3095 1209 3175 pium
1233 3100 1297 3178 est,
1319 3101 1357 3160 ut
1380 3095 1488 3174 aliqua

296 3199 412 3266 talium
433 3201 590 3264 bonorum
613 3197 773 3278 portioei
793 3199 899 3263 detur.
923 3198 1027 3263 Secus
1051 3205 1161 3264 autem
1186 3203 1248 3282 est,
1264 3201 1353 3279 qnod
1375 3200 1485 3265 eadem

299 3303 350 3370 vel
373 3301 560 3387 hujusmodi
582 3302 667 3366 bona
691 3321 711 3366 a
734 3305 832 3383 patre
856 3310 1097 3382 provenerunt:
1123 3308 1203 3368 tunc
1220 3303 1307 3368 enim
1322 3305 1365 3368 ad
1383 3303 1485 3385 ipsum

297 3413 515 3474 revertuntur
531 3405 667 3494 iterum.
691 3404 737 3470 Et
760 3411 902 3486 possunt
922 3406 1028 3490 jurati
1054 3407 1241 3472 sententias
1271 3407 1359 3473 tales
1374 3404 1488 3487 super

298 3509 564 3578 successionibus
594 3500 818 3591 hereditariis,
849 3511 944 3577 side
969 3510 1181 3577 testamentis
1204 3510 1402 3578 mentionem
1425 3524 1485 3575 non

297 3615 436 3696 iaciunt,
460 3615 591 3694 quando
611 3611 689 3694 jura
712 3612 825 3693 elvilia
848 3613 976 3694 scripta
998 3632 1058 3680 sen
1083 3615 1377 3680 consuetudinaria
1398 3613 1485 3694 ipsas

298 3738 364 3785 non
387 3719 570 3800 declarant,
593 3718 771 3783 secundum
796 3736 909 3783 eorum
941 3719 1178 3785 conscientiam
1208 3718 1362 3801 diffinire,
1393 3719 1486 3799 prout

298 3822 467 3906 colligitur
491 3821 685 3904 exlegibus
709 3821 832 3888 multis.

403 3980 477 4044 622.
501 3975 555 4040 Ad
577 3977 671 4043 idaea.
698 3976 840 4061 Quidam
863 3978 992 4044 occisos
1016 3978 1117 4046 filium
1139 3979 1276 4060 reliquit
1297 3983 1332 4046 et
1347 3992 1482 4054 uxorem,

300 4099 383 4163 quae
419 4083 519 4148 alium
552 4083 778 4164 superducens
812 4081 978 4166 maritum,
1007 4083 1056 4149 [V
1087 4102 1207 4165 pueros
1238 4086 1368 4166 genuit3
1404 4075 1482 4161 qnod

299 4187 454 4254 videntes
466 4185 589 4252 iratres
602 4187 713 4270 occisi,
728 4187 828 4253 filium
845 4186 926 4269 ejus,
944 4186 1055 4254 eorum
1071 4192 1235 4270 patruum,
1250 4206 1323 4254 eum
1339 4185 1480 4270 portione

300 4294 344 4358 ad
368 4309 441 4357 eum
464 4289 654 4374 pertinente
677 4291 719 4356 ab
743 4290 818 4355 aliis
842 4295 986 4369 quatuor
1008 4290 1120 4372 pueris
1143 4291 1248 4357 dividi
1275 4297 1310 4358 et
1339 4290 1385 4358 eis
1407 4281 1479 4353 assi·
