3275 5009
1405 327 1744 379 BrunenseS.
2703 328 2772 379 63

582 535 755 603 Item
802 535 860 603 si
907 536 1172 604 debitor
1216 540 1286 601 et
1332 535 1628 602 creditor
1687 537 1877 602 ambo
1940 535 2077 602 sint
2121 534 2190 602 in
2238 536 2467 602 eodem
2524 533 2771 616 judicio

369 640 774 724 residenteS,
821 645 890 706 et
937 641 1234 708 creditor
1270 645 1653 721 contempto
1682 639 1909 724 judice
1941 639 2208 723 proprio
2242 639 2630 722 debitorem,
2660 639 2772 720 qui

367 748 458 813 ad
502 746 871 827 parendum
908 743 1046 826 juri
1090 750 1321 812 certus
1364 743 1514 827 fuit,
1561 762 1782 810 coram
1820 745 2052 828 judice
2110 761 2256 810 cum
2318 746 2538 827 rebus,
2599 761 2767 822 quas

356 849 576 932 ducit,
623 853 906 932 occupet
951 848 1202 915 alieno:
1249 867 1368 931 pro
1408 853 1795 931 contemptu
1826 848 1969 931 tali,
2000 848 2133 915 nisi
2167 866 2436 914 causam
2470 847 2772 915 rationa-

365 954 588 1031 bilem,
637 971 810 1033 quae
855 954 943 1020 ad
985 954 1111 1019 hoc
1158 952 1372 1035 ipsum
1433 957 1720 1036 moveat,
1776 951 2113 1036 assignet:
2158 951 2377 1018 solvet
2421 953 2768 1019 emendam

365 1057 729 1141 bursalem,
797 1076 993 1138 quam
1060 1056 1266 1141 jurati
1330 1056 1648 1123 duxerint
1716 1056 1843 1123 sibi
1910 1056 2371 1139 inponendam.
2441 1056 2535 1122 Et
2579 1060 2771 1123 nota:

371 1164 684 1230 Taxatur
746 1165 831 1229 ad
879 1166 1139 1229 tantum
1201 1162 1310 1229 vel
1374 1165 1458 1229 ad
1519 1166 1783 1229 tantum
1834 1161 2221 1228 nominatim
2269 1161 2427 1227 talis
2474 1163 2774 1244 emenda,
2838 1249 2842 1251 λ

361 1267 535 1348 quia
580 1269 944 1335 secundum
982 1268 1362 1352 juratorum
1417 1266 1916 1345 conscientiam,
1976 1265 2421 1333 consideratis
2466 1265 2772 1347 personis

367 1377 445 1438 et
492 1372 714 1439 causis
761 1371 1238 1453 occupationis
1292 1375 1516 1454 potest
1560 1372 1763 1438 aliter
1809 1376 1880 1438 et
1923 1370 2123 1438 aliter
2168 1370 2515 1439 moderari.

583 1511 690 1576 96.
737 1508 840 1575 Dc
872 1516 1302 1572 arrestatione
1333 1531 1551 1573 rerum
1580 1507 1939 1578 mobilium.
1984 1509 2178 1594 Equi,
2207 1513 2436 1577 vestes
2472 1513 2541 1576 et
2572 1528 2773 1591 quae-

367 1632 637 1694 cunque
682 1633 794 1681 res
841 1613 1118 1680 mobiles
1165 1614 1366 1680 aliter
1413 1631 1770 1681 concessae
1815 1615 1926 1681 vel
1960 1613 2301 1698 obligatae
2332 1618 2404 1680 et
2435 1632 2556 1695 per
2588 1612 2773 1678 illum

371 1718 664 1785 ulterius
713 1717 1006 1802 delusae,
1050 1718 1387 1801 venditae,
1432 1720 1542 1785 vel
1589 1717 1721 1785 alio
1766 1719 1957 1784 modo
2007 1735 2399 1798 quocunque
2431 1716 2772 1784 alienatae

376 1840 517 1888 non
579 1823 757 1904 apud
821 1821 1023 1905 illum,
1083 1821 1152 1888 in
1213 1822 1400 1906 cuius
1461 1825 1806 1905 potestate
1865 1821 2315 1905 inveniuntur,
2376 1834 2535 1888 sunt
2592 1839 2774 1887 arre-

375 1927 681 2007 standae,
726 1926 848 2016 sed
896 1928 995 1992 ab·
1042 1926 1156 1992 illo
1218 1931 1378 1993 sunt
1427 1924 1864 2008 justitialiter
1922 1919 2352 2009 repetendae,
2409 1925 2516 1992 cui
2560 1923 2773 2006 primo

361 2030 650 2096 fuerunt
694 2047 1058 2098 concessae
1103 2030 1213 2098 vel
1260 2030 1617 2115 obligatae.
1675 2030 1769 2096 Et
1812 2031 1938 2099 hoc
1983 2030 2287 2114 intellige
2334 2033 2420 2097 de
2465 2028 2772 2110 personis

373 2135 680 2202 honestis
728 2139 798 2201 et
841 2134 1216 2219 fidedignis‚
1265 2135 1421 2217 quia
1465 2153 1662 2202 secus
1725 2140 1832 2204 est
1891 2138 1973 2202 de
2033 2134 2337 2217 personis
2396 2133 2659 2200 levibus
2707 2136 2777 2199 et

373 2238 734 2323 suspectis,
781 2257 951 2320 quae
998 2258 1130 2307 una
1176 2259 1324 2307 cum
1371 2242 1572 2306 rebus
1620 2245 1901 2321 possunt
1947 2239 2278 2322 occupari,
2326 2242 2538 2306 donec
2580 2237 2785 2304 fidem‘

371 2342 651 2421 faciant,
696 2361 820 2427 per
866 2361 1060 2424 quem
1107 2347 1370 2412 modum
1416 2361 1527 2410 res
1569 2344 1639 2410 in
1688 2363 1911 2411 eorum
1972 2344 2286 2412 venerint
2344 2346 2773 2425 potestatem.

585 2491 691 2555 97.
730 2490 831 2553 De
864 2491 1415 2556 arrestationibus
1449 2515 1753 2577 equorum
1777 2499 2085 2576 quantum
2109 2492 2199 2554 ad
2222 2489 2776 2569 adamationem,

373 2603 664 2674 mortem,
695 2592 987 2679 furtum,
1029 2595 1309 2678 spolium
1347 2607 1406 2660 et
1438 2597 1593 2662 alia.
1643 2596 1771 2681 Qui
1805 2614 2047 2678 equum
2078 2599 2415 2663 errantem
2446 2593 2516 2660 in
2548 2612 2777 2676 campo

371 2698 485 2766 vel
530 2697 696 2765 alibi
744 2699 1022 2783 ceperit,
1068 2705 1346 2782 propter
1398 2703 1524 2768 hoc
1587 2706 1818 2767 tractu
1875 2700 2196 2782 temporis
2257 2718 2405 2765 eum
2470 2699 2777 2765 obtinere

343 2821 506 2869 ·non
554 2807 800 2886 potest,
848 2805 1022 2884 quod
1069 2805 1139 2870 in
1181 2804 1327 2872 foro
1373 2806 1639 2888 publice
1688 2807 1772 2872 de
1818 2804 1964 2886 ipso
2011 2803 2561 2887 exclamationem
2609 2820 2771 2872 voce

371 2907 695 2991 preconia
741 2908 889 2974 fieri
937 2915 1271 2990 procuret.
1315 2909 1489 2977 Item
1551 2911 1612 2977 si
1673 2926 1883 2991 equus
1942 2914 2320 2976 arrestatus
2374 2913 2446 2975 et
2490 2907 2778 2990 pecunia

371 3015 678 3095 taxatus,
725 3016 1084 3093 antequam
1133 3014 1277 3081 dies
1315 3015 1578 3100 judicii,
1622 3015 1695 3082 in
1742 3032 1871 3094 quo
1919 3014 2206 3080 obtineri
2240 3003 2460 3096 debet,
2492 3011 2778 3095 venerit,

371 3115 722 3199 moriatur,
765 3117 1080 3183 obtentor
1126 3136 1330 3201 super
1376 3123 1531 3186 cute
1579 3119 1736 3200 equi
1780 3136 1932 3185 cum
1975 3117 2269 3186 testibus
2294 3117 2570 3202 jnrabit,
2603 3116 2779 3184 sicut

372 3219 444 3285 in
493 3237 683 3302 equo,
730 3219 791 3285 si
833 3220 1116 3304 viveret,
1154 3229 1473 3304 jurasset.
1527 3222 1600 3289 Si
1648 3226 1873 3289 autem
1919 3241 2158 3303 equum
2203 3239 2327 3303 per
2371 3221 2621 3287 furtum
2666 3220 2779 3288 vel

375 3323 662 3406 spolium
709 3324 1030 3408 amiserit,
1090 3325 1158 3391 in
1216 3343 1415 3393 cruce
1474 3328 1727 3411 jurabit
1788 3344 1934 3393 cum
1992 3327 2317 3408 testibus3
2380 3329 2449 3392 et
2514 3325 2574 3392 si
2630 3325 2777 3408 ipse

374 3426 486 3493 vel
528 3426 775 3517 ⁸aliquis
823 3429 1099 3495 testium
1147 3429 1217 3496 in
1256 3431 1636 3514 juramento
1686 3430 2026 3513 ceciderit,
2072 3435 2297 3496 taxam
2346 3431 2579 3496 solvet.

588 3529 762 3598 Item
827 3533 888 3600 si
953 3533 1087 3618 ille,
1155 3534 1267 3601 cui
1337 3551 1545 3615 equus
1621 3538 2018 3612 arrestatur,
2113 3535 2301 3617 petit,
2378 3535 2582 3599 debet
2648 3533 2777 3601 sibi

376 3635 612 3701 statim
658 3654 862 3718 super
907 3637 1286 3705 cautionem
1324 3637 1830 3722 fideJussoriam,
1862 3640 2035 3718 quod
2069 3655 2214 3703 cum
2248 3656 2367 3705 suo
2406 3636 2779 3721 vulgariter

374 3738 558 3805 dicto
616 3740 994 3821 geschub
1042 3743 1128 3807 ad
1174 3742 1581 3809 mansionem
1627 3745 1836 3810 ducat
1878 3742 2232 3826 propriam,
2276 3741 2632 3826 assignari.
2681 3741 2777 3809 Et

371 3860 510 3909 non
542 3847 830 3926 oportet,
864 3846 1042 3924 quod
1067 3846 1274 3929 ‚iudex
1305 3851 1454 3913 octo
1489 3847 1724 3913 diebus
1760 3849 1907 3915 eum
1938 3848 2114 3928 apud
2146 3865 2219 3912 se
2251 3847 2565 3929 retineat,
2598 3847 2775 3913 sicut

373 3945 446 4011 in
492 3944 675 4014 villis
721 3947 1058 4028 aliquibus
1111 3950 1259 4016 fieri
1307 3951 1678 4018 consuevit.

588 4085 696 4148 98.
743 4083 844 4148 De
890 4086 1435 4150 affectationibus
1497 4107 1799 4172 equorum
1851 4087 1941 4153 ad
1984 4097 2136 4172 quot
2183 4099 2465 4173 possunt
2526 4086 2782 4154 devolvi

375 4197 437 4253 et
483 4197 674 4272 quoto
704 4190 968 4274 judicio
1000 4189 1270 4255 debeant
1301 4189 1597 4257 obtineri.
1646 4191 1946 4274 Antiqua
1968 4192 2220 4276 ,iurium
2249 4197 2512 4260 statuta
2543 4193 2776 4260 dicunt

373 4292 510 4361 sic:
581 4293 695 4377 „Si
743 4297 825 4362 de
871 4312 1041 4376 equo
1086 4299 1421 4363 arrestato
1464 4295 1599 4380 ille,
1657 4295 1770 4378 qui
1817 4303 2180 4380 occupatus
2227 4301 2353 4383 est,
2398 4315 2585 4364 suum
2632 4301 2778 4364 sta·
