3275 5009
723 326 893 379 Brunenses.

185 529 319 596 mittit.
343 529 495 615 Qnijuri
517 548 578 596 suo
601 530 795 598 renuntiare
822 532 906 615 vult,
938 533 1039 598 debet
1067 532 1151 600 illud
1181 532 1289 616 saire;
1318 535 1404 602 alias

185 653 272 700 ¹:non
294 635 430 701 videtur
452 635 658 700 renuntiare.

310 764 385 826 611.
411 763 461 826 Da
484 765 726 828 renuntiatione
750 766 888 833 tertium.
920 764 985 848 Qui
1007 783 1119 832 boram
1137 767 1264 851 judicio
1286 768 1403 836 solem·

195 869 319 951 pniter
352 868 524 934 renuntiat
558 868 714 948 testibus,
747 887 767 934 a
802 870 1020 950 productione
1054 871 1192 936 testium
1222 872 1257 938 in
1287 874 1405 938 eadem

184 975 372 1038 duntaxat
396 991 508 1056 eausa,
531 971 596 1038 nisi
619 971 743 1053 aliquid
766 974 855 1056 novi,
889 976 977 1054 quod
999 974 1129 1058 indiget
1158 977 1299 1058 speciali
1328 995 1403 1058 pro·

187 1077 350 1158 batione,
372 1075 589 1161 interveniat,
611 1076 819 1159 prohibetur.

272 1251 521 1332 Capitulum
544 1250 672 1318 LVIII:
699 1251 758 1318 De
780 1253 1024 1334 rescriptis
1047 1258 1091 1320 et
1112 1254 1337 1337 registris.

313 1390 386 1456 612.
411 1389 461 1450 Da
485 1388 646 1474 rapiaris.
669 1389 757 1456 Dum
780 1390 963 1472 capitulum
979 1393 1149 1476 eujusdam
1165 1393 1328 1462 eeclesiae
1344 1413 1404 1476 per

184 1494 398 1576 :registrum
428 1492 462 1558 in
495 1511 559 1572 quo
590 1511 726 1561 eensum
756 1494 991 1561 canonicorum
1022 1501 1141 1562 notare
1173 1503 1404 1583 consueverat,

194 1598 311 1664 vellet
334 1600 477 1679 probare
508 1615 610 1678 super
633 1599 727 1664 domo
752 1597 924 1678 eujusdam
948 1599 1041 1683 civis,
1072 1600 1192 1666 ibidem
1216 1620 1253 1667 se
1276 1603 1401 1670 habere

182 1700 287 1788 (tot)
311 1719 496 1784 sexagenas
513 1719 703 1782 grossorum
724 1719 857 1782 tensus,
881 1705 1204 1770 sententiatum
1226 1705 1291 1772 init
1313 1706 1401 1774 diffi-

183 1807 329 1874 nitive:
353 1803 449 1888 Quod
472 1825 532 1887 per
548 1806 711 1887 simplicia
733 1807 881 1890 registra
903 1825 962 1874 seu
985 1826 1046 1890 per
1068 1809 1286 1892 scriptumst
1303 1811 1403 1895 origi·

184 1909 338 1978 malibus
383 1911 502 1993 sigillis
541 1910 744 1978 authenticis
780 1911 949 1977 roboratis
993 1913 1049 1978 vel
1094 1912 1172 1980 vivo
1212 1915 1402 1983 testimonio

196 2014 401 2081 rationabili
423 2013 669 2097 confirmentur,
692 2015 773 2081 nihil
798 2015 934 2098 probari
958 2022 1080 2098 potest.

435 2199 683 2282 Capitulum
707 2200 804 2267 LIX:
836 2200 895 2267 De
918 2200 1170 2267 sententiis.

310 2339 383 2405 613.
408 2340 458 2403 Da
480 2340 649 2402 sententiis
673 2339 708 2401 io
729 2360 852 2424 panaro.
881 2338 1039 2423 Quamvis
1062 2355 1143 2403 usus
1167 2341 1202 2403 ot
1226 2342 1401 2405 eonsuetu-

187 2444 293 2514 dinis
316 2461 381 2510 non
403 2442 539 2510 minima
562 2443 608 2510 sit
631 2442 827 2527 auotoritas
853 2460 1019 2522 nunquam
1043 2447 1157 2508 tamen
1179 2440 1320 2510 veritati
1342 2447 1402 2509 aut

194 2550 271 2633 logi
302 2548 520 2632 praejudicat,
551 2549 615 2613 nisi
643 2547 689 2614 sit
712 2549 917 2614 consuetudo
946 2546 1156 2614 rationabilis
1188 2551 1223 2613 ot
1252 2545 1402 2631 legitimo

196 2652 433 2738 praescripta3
454 2653 533 2718 talis
558 2651 645 2719 enim
668 2651 880 2736 praejudicat
902 2651 977 2734 legi.
1008 2650 1055 2716 nt
1085 2650 1115 2717 si
1145 2668 1187 2718 ex
1214 2649 1402 2733 huiusmodi

188 2756 447 2826 consuetudine
474 2756 668 2823 rationabili
691 2756 864 2822 sententia
886 2755 957 2820 lata
979 2754 1092 2835 fuerit,
1119 2755 1268 2839 vigorem
1291 2755 1402 2832 habet,

197 2881 269 2932 neo
293 2862 417 2943 poterit
440 2862 632 2942 reclamari3
657 2861 686 2926 si
709 2865 820 2926 antem
844 2879 886 2926 ex
909 2860 1151 2926 consuetudine
1177 2856 1402 2926 irrationabili

189 2970 346 3043 feratur,
369 2966 462 3032 licite
486 2965 614 3047 poterit
636 2965 823 3032 reclamari.

309 3097 382 3163 614.
399 3096 449 3157 Da
465 3097 556 3158 modo
573 3105 603 3158 at
619 3094 732 3160 ordine
747 3093 942 3180 proferendi
955 3094 1144 3160 sententiaa.
1166 3093 1207 3161 In
1224 3092 1401 3159 sententiis

198 3200 413 3284 proferendis
437 3218 501 3266 non
524 3203 668 3283 oportet,
696 3201 784 3281 quod
811 3198 919 3285 jurati
949 3196 1058 3265 omnia
1087 3197 1285 3281 exprimant,
1316 3216 1403 3278 quae
1449 3222 1451 3225 ·

188 3323 264 3374 eos
287 3308 430 3386 movent,
462 3305 521 3370 sed
552 3303 686 3387 sufficit,
717 3305 803 3383 quod
833 3303 959 3370 talibus
987 3302 1023 3368 in
1053 3319 1164 3369 eornm
1195 3302 1402 3368 conscientia

189 3409 388 3493 diligenter
440 3408 597 3475 cribratis
650 3407 837 3474 sententias
888 3406 1107 3490 pronuntient
1157 3405 1316 3473 brevibus
1365 3410 1401 3471 et

192 3514 315 3599 planis
343 3513 464 3580 verbis

308 3645 382 3711 6¹15.
406 3644 455 3706 Da
476 3643 706 3709 sententiarum
731 3641 929 3707 deductione.
954 3640 991 3708 Si
1003 3639 1109 3724 jurati
1124 3658 1225 3721 super
1240 3637 1398 3720 expensis

193 3749 348 3834 partium
372 3747 559 3816 sententias
588 3749 629 3814 ai
660 3765 800 3814 examen
829 3764 963 3814 suorum
994 3745 1200 3827 superiorum
1231 3743 1401 3825 inducent,

198 3853 333 3920 virtute
351 3852 534 3935 juramenti
558 3850 620 3928 sui,
642 3851 672 3917 si
696 3854 811 3932 partes
828 3855 955 3933 petunt,
971 3850 1177 3926 fatebuntur,
1192 3849 1279 3929 quod
1295 3846 1402 3914 solum

193 3961 268 4026 -hoo
290 3957 417 4024 iaciant
440 3962 578 4039 propter
600 3953 865 4020 informationem
884 3955 1038 4038 justitiae
1061 3960 1097 4020 et
1119 3970 1185 4019 non
1207 3955 1250 4019 ab
1264 3968 1401 4019 oausam

190 4064 305 4150 aliam
329 4062 612 4142 qualemcumque.

308 4193 382 4258 616.
406 4191 455 4256 Da
477 4191 570 4254 nando
593 4186 759 4253 scribendi
789 4187 975 4252 sententiaa.
1007 4186 1154 4253 Licitum
1187 4189 1243 4252 est
1271 4183 1400 4266 juratis

190 4296 393 4368 sententias
423 4296 573 4379 apulsa
596 4294 687 4377 ipsos
720 4296 853 4360 secrete
884 4289 1032 4358 seribere
1064 4291 1120 4357 vel
1152 4289 1291 4373 dictare,
1323 4287 1402 4370 quio
