3275 5009
1466 352 1803 408 Brunenses.
2728 354 2829 407 135

414 567 717 646 propter
759 563 884 629 hoc
920 556 1327 647 judicandus
1371 559 1735 646 fugitivus3
1779 563 2008 642 potest
2040 560 2214 628 enim
2244 560 2476 628 ultima
2507 562 2828 630 citatione

420 685 825 749 comparere
867 672 941 733 et
984 665 1168 733 illum
1211 670 1438 732 actum
1482 663 1729 749 facere,
1773 664 1886 745 qui
1931 664 2062 732 sibi
2107 665 2426 748 competit
2470 666 2584 735 via
2636 667 2828 752 juris.

421 771 631 855 Item,
677 771 790 851 qui
817 770 1171 838 homicidio
1203 770 1314 838 vel
1350 769 1482 836 alio
1513 774 1710 836 reatu
1742 767 2071 835 consimili
2101 774 2511 854 perpetrato,
2541 770 2830 837 insultus

419 859 816 960 amicorum,
860 874 1199 943 hostiliter
1243 874 1449 941 armis
1497 891 1646 941 eum
1689 872 2201 957 insequentium,
2261 874 2501 941 timens
2547 893 2669 956 per
2713 891 2829 941 eos

418 981 580 1048 vita
623 980 898 1063 privari,
944 978 1286 1065 effugerit:
1325 977 1556 1063 jurati,
1602 984 1826 1045 utrum
1886 977 2215 1063 fugitivus
2275 978 2369 1045 sit
2430 980 2829 1062 censendus,

411 1085 658 1152 verbis
703 1090 775 1152 et
815 1083 1020 1151 factis
1065 1082 1388 1166 pensatis,
1424 1084 1622 1167 juxta
1668 1100 1891 1148 eorum
1938 1082 2435 1164 conscientiam,
2491 1100 2693 1164 super
2751 1100 2829 1149 eo

423 1193 699 1256 mature
743 1188 1230 1256 deliberabunt.

951 1361 1440 1444 Capitulum
1485 1360 1831 1428 XXVIII:
1876 1360 1993 1427 De
2041 1359 2328 1426 furtis.

644 1500 787 1563 300.
834 1497 936 1562 De
987 1497 1203 1582 furto.
1265 1499 1404 1566 Res
1463 1518 1586 1581 per
1629 1499 1910 1582 spolium
1970 1499 2082 1567 vel
2139 1497 2388 1564 furtum
2446 1497 2713 1567 ablatae
2759 1503 2832 1564 et

406 1604 752 1671 inventae
797 1622 930 1671 non
973 1603 1205 1669 statim
1250 1606 1336 1670 ad
1375 1604 1668 1688 judicem
1715 1589 2075 1686 pertinent,
2121 1603 2249 1669 imo
2281 1601 2716 1685 proclamatio
2748 1602 2830 1668 de

413 1707 602 1791 ipsis
646 1707 795 1774 fieri
852 1709 1076 1791 debet,
1142 1716 1213 1773 et
1273 1709 1564 1791 insuper,
1623 1715 1974 1791 postquam
2023 1725 2197 1774 anno
2244 1712 2316 1772 et
2359 1707 2469 1774 die
2515 1711 2830 1774 servatae

408 1811 703 1895 fuerint,
728 1811 1224 1878 distribuantur
1253 1831 1376 1895 per
1407 1818 1547 1879 tres
1581 1818 1835 1895 partes,
1868 1812 2047 1877 sicut
2076 1829 2280 1892 supra
2317 1810 2461 1894 „De
2493 1809 2825 1876 emendis“

412 1933 554 1983 seu
600 1915 790 1982 bonis
835 1917 923 1983 ad
958 1915 1252 1998 jndicem
1286 1915 1782 1998 pertinentibus
1815 1915 2133 1981 scribitur
2162 1915 2231 1981 in
2263 1915 2565 1982 rubrica:
2616 1912 2828 1996 „Qua-

412 2019 594 2086 liter
639 2020 957 2086 emendae
1004 2024 1340 2100 tamquam
1387 2022 1560 2086 bona
1606 2021 2017 2086 advenarum
2062 2018 2510 2085 dividuntur.“

638 2159 789 2224 301.
835 2159 938 2220 De
983 2159 1366 2245 differentia
1410 2158 1600 2232 furti.
1646 2158 1914 2240 Duplex
1945 2162 2052 2225 est
2080 2156 2361 2223 furtum:
2398 2155 2832 2222 Manifestum

419 2266 506 2329 et
550 2261 898 2328 occultum.
959 2261 1410 2347 Manifestum,
1457 2266 1534 2328 ut
1580 2279 1729 2327 cum
1773 2261 2013 2342 aliquis
2058 2261 2321 2343 rapitur
2378 2259 2450 2326 in
2510 2265 2667 2326 actu
2720 2260 2832 2326 vel

421 2370 874 2433 conservator
919 2384 1141 2432 rerum
1174 2369 1672 2433 subtractarum
1704 2365 2000 2432 scienter
2033 2364 2299 2446 extitit3
2342 2364 2671 2431 occultum
2711 2369 2832 2449 est,

423 2487 584 2536 cum
629 2487 762 2537 non
807 2467 874 2535 in
921 2474 1080 2537 actu
1125 2469 1410 2553 rapitur,
1455 2472 1575 2536 sed
1622 2475 1846 2537 tamen
1894 2472 1975 2537 de
2020 2468 2200 2535 furto
2246 2469 2648 2552 inculpatur.
2702 2469 2832 2535 Pro

420 2572 642 2655 primo
687 2571 931 2653 aliquis
978 2592 1101 2656 per
1146 2580 1368 2641 actum
1412 2575 1521 2642 vel
1581 2593 1706 2656 per
1766 2573 1868 2640 rei
1927 2576 2318 2640 subtractae
2384 2573 2833 2655 praesentiam

420 2679 987 2760 condempnatum
1032 2697 1153 2760 pro
1199 2681 1492 2746 secundo
1538 2696 1720 2763 vero,
1765 2677 1826 2745 si
1872 2678 2057 2760 prius
2102 2676 2367 2745 infamis
2413 2695 2544 2743 non
2587 2676 2720 2743 fuit
2761 2681 2832 2743 et

422 2799 807 2865 expurgare
854 2800 929 2848 se
974 2799 1106 2849 non
1151 2783 1420 2864 poterit,
1469 2786 1739 2864 oportet
1797 2783 1972 2862 quod
2033 2781 2493 2864 metseptimus
2560 2780 2831 2848 convin-

425 2891 642 2952 catur.
670 2870 760 2952 'Si
807 2891 1028 2952 autem
1074 2886 1261 2968 prius
1308 2888 1390 2953 de
1434 2887 1616 2952 furto
1663 2887 1774 2953 vel
1818 2884 1950 2952 alio
1989 2885 2313 2961 maleficio
2345 2885 2605 2951 notorio
2636 2902 2829 2952 accu-

423 2993 622 3058 satus
667 2988 813 3072 fuit,
869 2990 968 3058 ita
1015 2992 1189 3070 quod
1249 2990 1491 3057 malum
1555 3008 1794 3057 nomen
1853 2990 2108 3074 habuit,
2162 2989 2292 3056 nisi
2353 2990 2437 3056 de
2499 2989 2833 3073 fidedigno

321 3095 334 3102 ’
425 3093 818 3161 testimonio
865 3094 1320 3161 innocentiam
1365 3112 1552 3162 suam
1599 3097 1934 3179 ostendat,
1962 3094 2347 3162 mettertius
2380 3092 2833 3160 convincetur.

642 3233 788 3297 302.
839 3229 971 3304 Qui
1011 3233 1088 3296 de
1135 3231 1336 3309 furto
1385 3241 1671 3316 possunt
1725 3233 2042 3296 accusari.
2106 3231 2235 3317 Qui
2294 3230 2592 3298 scienter
2648 3230 2832 3298 fures

427 3335 500 3402 in
547 3336 735 3403 domo
798 3354 919 3402 sua
964 3335 1223 3421 colligit
1278 3341 1348 3402 et
1392 3335 1714 3418 hospitat,
1774 3336 1939 3402 furti
2001 3336 2258 3401 celator
2316 3336 2587 3402 dicitur.
2642 3333 2833 3420 Item,

427 3439 544 3520 qui
588 3437 721 3506 furi
766 3440 1012 3508 scalam
1060 3440 1392 3508 concedit.
1450 3439 1644 3523 Item,
1692 3440 1807 3521 qui
1851 3438 2104 3520 aliquid
2139 3438 2269 3505 sibi
2302 3438 2545 3520 aperit,
2574 3457 2832 3504 murum

427 3542 539 3611 vel
563 3544 949 3626 fenestram,
974 3549 1050 3610 ut
1072 3543 1281 3610 altius
1306 3547 1590 3611 scandat
1620 3546 1709 3610 ad
1730 3543 2103 3610 furandum.
2135 3541 2326 3625 Item,
2360 3540 2474 3627 qui
2504 3541 2572 3606 in
2606 3543 2833 3622 platea

425 3645 727 3713 custodit
770 3645 984 3713 furem
1030 3646 1250 3714 noctis
1296 3651 1615 3732 tempore,
1661 3666 1753 3714 ne
1792 3647 2179 3730 arripiatur.
2223 3645 2423 3728 Item,
2480 3642 2674 3712 faber
2719 3645 2833 3726 qui

425 3750 727 3816 scienter
771 3749 1022 3833 claves,
1069 3751 1277 3832 pedes
1333 3751 1643 3832 caprinos
1709 3752 1821 3817 vel
1874 3752 2008 3817 alia
2067 3751 2533 3830 instrumenta,
2592 3747 2832 3830 quibus

427 3854 616 3921 fures
662 3858 964 3937 utuntur,
1011 3852 1197 3920 facit.
1247 3853 1489 3921 Omnes
1535 3856 1712 3922 tales
1759 3861 1828 3921 et
1873 3855 2008 3924 alia
2052 3854 2184 3921 hiis
2229 3853 2472 3921 similia
2504 3851 2833 3920 facientes

423 3963 908 4041 cooperatores
954 3956 1175 4024 furum
1223 3958 1555 4043 dicuntur,
1601 3962 1673 4023 et
1718 3962 1857 4024 tam
1900 3957 2017 4023 isti
2063 3975 2255 4039 quam
2306 3957 2638 4023 celatores
2668 3955 2835 4022 furti

426 4061 616 4146 digni
662 4064 824 4128 sunt
870 4060 1170 4143 patibulo
1217 4059 1393 4126 sicut
1439 4059 1643 4126 fureS.

641 4200 786 4266 303.
812 4199 912 4262 De
925 4199 1122 4282 farto
1145 4199 1248 4262 rei
1267 4221 1310 4262 a
1333 4221 1428 4262 me
1453 4207 1706 4282 emptae
1728 4206 1790 4261 et
1814 4198 1990 4261 circa
2013 4220 2112 4262 mo
2135 4198 2452 4282 perditae.
2486 4197 2557 4265 Si
2581 4196 2832 4278 aliquid

429 4304 693 4387 emitur,
736 4303 884 4370 sive
931 4301 1025 4368 sit
1075 4320 1284 4383 equus
1329 4302 1440 4369 vel
1485 4303 1620 4369 alia
1664 4320 1794 4384 res,
1840 4306 1909 4369 et
1955 4302 2240 4385 pretium
2281 4320 2400 4385 pro
2432 4319 2513 4368 ea
2542 4303 2835 4368 solutum
