3275 5009
689 365 848 419 Bruneuses
1318 370 1370 422 263

177 577 210 637 et
230 572 359 639 lucrum
381 574 472 641 inter
494 592 531 640 se
555 574 754 652 dividentes,
777 580 954 643 moverunt
976 574 1261 659 insolentiamet
1282 594 1367 644 unus

177 694 286 743 eorum
310 677 441 743 cuidam
463 679 583 760 pistori
605 698 736 745 manum
759 678 958 762 amputavit.
980 680 1071 747 Idem
1094 698 1174 762 ergo
1198 682 1314 746 voleus
1330 699 1367 747 se

175 798 362 865 expurgare
385 801 445 864 per
466 783 550 848 alios
573 783 719 863 quinque
742 784 849 849 socios
872 802 959 865 suoS,
983 783 1118 863 quaerit
1148 782 1263 866 pistor,
1293 802 1366 850 cum

175 893 286 951 omues
308 904 371 952 sex
393 886 618 953 inordinatam
640 893 675 953 et
698 886 894 953 dissolutam
925 888 1030 954 vitam
1061 889 1185 953 ducant
1214 893 1249 953 et
1272 888 1368 975 quasi

174 990 419 1069 conspiratores
450 996 563 1058 mutuo
593 1010 675 1075 ergo
707 991 772 1058 sibi
805 993 1022 1074 adhaereant,
1056 997 1166 1058 utrum
1199 997 1367 1073 tamquam

171 1091 312 1159 infames
335 1101 370 1160 et
391 1099 567 1177 suspectos
591 1096 699 1162 dictos
730 1096 874 1176 quinque
905 1116 971 1162 non
1003 1096 1110 1177 possit
1133 1115 1153 1161 a
1175 1096 1366 1163 testimonio

172 1198 339 1280 repellere
360 1200 434 1281 ipso
453 1200 555 1281 jnre?
579 1200 708 1285 Quibus
731 1200 997 1282 rescriptum
1020 1198 1113 1282 fuit,
1137 1201 1268 1280 quodsi
1284 1200 1366 1266 dicti

170 1302 254 1368 socii
278 1303 564 1385 conspiraverunt,
588 1306 619 1369 h.
642 1322 669 1370 e.
693 1306 735 1368 ad
751 1304 893 1370 invicem
906 1304 1109 1387 jnraverunt
1124 1304 1178 1393 vel
1193 1303 1365 1385 promissis

170 1425 205 1471 se
228 1407 473 1490 astrinxerunt,
495 1410 582 1487 quod
605 1425 647 1472 ex
669 1408 806 1473 assidua
829 1427 943 1474 eorum
965 1407 1088 1473 unione
1112 1407 1222 1491 colligi
1244 1412 1366 1490 potest,

169 1512 289 1578 merito
314 1533 333 1578 a
355 1511 548 1578 testimonio
572 1512 790 1593 repelluntur.

274 1615 371 1681 Unde
416 1615 497 1680 socii
544 1616 769 1697 honestorum,
787 1683 790 1685 ,
807 1616 992 1697 cuiusmodi
1030 1620 1109 1681 sunt
1153 1620 1365 1699 mercatores,

168 1718 344 1785 institores
375 1726 411 1785 et
433 1719 491 1785 alii
525 1719 721 1799 consimiles,
752 1722 923 1785 dummodo
947 1737 1058 1801 causa,
1089 1721 1129 1784 de
1153 1738 1218 1799 qua
1240 1719 1365 1803 agitur,

167 1825 209 1889 ad
234 1842 294 1889 eos
317 1824 534 1889 communiter
555 1842 622 1889 non
645 1824 824 1905 pertineat,
847 1824 904 1906 ita,
929 1826 1016 1903 quod
1039 1824 1167 1889 luorum
1190 1842 1289 1889 unum
1311 1825 1365 1889 vel

166 1928 316 2009 perditio
333 1928 433 1993 alium
448 1927 619 2010 respiciat,
637 1933 672 1993 et
688 1928 737 1993 sic
752 1933 822 1993 tam
838 1934 933 1994 actor
948 1946 1046 2007 quam
1064 1928 1163 1993 testis
1180 1928 1214 1993 in
1230 1924 1365 2008 propria
1404 1980 1408 1988 .

166 2050 274 2098 causa
303 2031 443 2113 laboret,
474 2033 561 2111 quod
593 2050 654 2113 per
683 2034 880 2112 prudentem
906 2032 1050 2115 judicem
1081 2039 1116 2096 et
1141 2031 1282 2113 juratos,
1306 2050 1366 2111 per

165 2154 292 2202 causae
329 2136 599 2201 circumstantias
625 2144 661 2201 et
691 2136 759 2201 alia
792 2136 926 2201 diversa
957 2140 1055 2201 caute
1086 2136 1362 2201 considerandum

167 2246 231 2322 est,
258 2249 336 2306 sunt
366 2260 427 2322 pro
450 2241 595 2307 testibus
627 2241 829 2321 recipiendi,
866 2238 926 2307 s'ed
959 2240 1046 2306 socii
1082 2240 1251 2306 inhonesti
1285 2245 1363 2305 sunt

165 2344 349 2411 refutandi.

274 2449 315 2514 In
348 2448 540 2514 criminibus
575 2466 655 2514 vero
690 2448 774 2513 socii
807 2466 873 2513 non
909 2447 1117 2528 recipiuntur
1154 2449 1196 2512 ad
1235 2447 1365 2529 plenam

164 2554 409 2636 probationem,
444 2555 503 2619 sed
537 2554 579 2617 ad
613 2553 924 2634 praesumptionem,
966 2551 1013 2616 ita
1053 2552 1139 2631 quod
1177 2570 1250 2616 cum
1288 2552 1363 2617 aliis

165 2662 310 2739 possunt
333 2657 567 2768 adminiculum
590 2674 761 2739 generare.

273 2816 346 2879 690.
374 2812 489 2875 Utrum
513 2814 688 2876 advocatas
708 2815 818 2896 possit
837 2814 1020 2875 essecestra.
1046 2813 1239 2876 Advocatus
1255 2812 1363 2893 pretio

163 2918 350 3003 conductus
373 2918 407 2984 in
431 2937 541 3001 causa,
571 2936 669 2998 quam
700 2916 801 2999 fovet,
825 2921 861 2982 et
883 2935 942 2997 pro
972 2921 1078 2998 parte,
1109 2916 1203 2998 cujus
1226 2932 1361 2980 eausam

164 3022 269 3101 fovet,
294 3023 518 3088 testimouium
540 3021 630 3087 ferre
654 3041 719 3087 non
743 3026 864 3100 potest.

273 3177 352 3243 691:
375 3177 489 3240 Utrccm
507 3200 607 3261 preco
637 3187 667 3239 et
690 3185 793 3240 tortor
820 3186 959 3259 possunt
987 3198 1054 3239 essa
1085 3186 1188 3239 testes.
1221 3172 1361 3257 Quidam

165 3289 413 3365 proposuerunt
443 3283 531 3348 hunc
563 3300 690 3347 casum:
724 3280 864 3363 Quidam
903 3288 1080 3347 accusatus
1116 3282 1157 3345 de
1186 3278 1362 3344 homicidio
1422 3280 1423 3283 ’

166 3386 394 3453 defensionem
417 3387 641 3467 praetendens
664 3387 786 3451 statuit
813 3390 942 3467 septem
973 3390 1089 3467 testes,
1118 3384 1175 3467 qui
1205 3384 1362 3448 dicebant
1393 3468 1395 3475 Α

109 3568 114 3576 ,
164 3490 302 3567 vidisse,
335 3492 424 3570 quod
458 3491 524 3554 vim
552 3489 586 3552 vi
615 3490 807 3569 repellendo
843 3489 967 3554 dictum
1001 3487 1210 3553 homicidium
1245 3504 1361 3567 perpe·

164 3598 303 3660 trassel.
327 3594 422 3659 Inter
445 3612 525 3672 quos
550 3598 655 3658 testes
686 3612 771 3658 uuus
801 3591 866 3658 fuit
898 3611 1005 3674 preco,
1035 3594 1122 3656 alter
1151 3596 1260 3655 tortor
1290 3590 1362 3655 sive

164 3716 358 3778 suspensor.
394 3698 575 3781 Quaeritur
610 3716 688 3779 ergo
724 3715 765 3761 ex
796 3702 893 3777 parte
925 3696 1058 3773 actoris,
1081 3704 1191 3759 utrum
1214 3695 1272 3759 isti
1296 3712 1362 3758 nou

165 3802 236 3867 sint
250 3801 369 3867 merito
386 3810 553 3882 tamquam
568 3800 709 3866 infames
722 3822 742 3867 a
755 3800 946 3866 testimonio
964 3799 1158 3880 repellendi,
1174 3806 1208 3863 et
1221 3797 1361 3863 maxime

165 3911 284 3983 tortor,
309 3908 366 3985 qui
388 3906 536 3972 homiues
559 3925 617 3985 pro
643 3905 784 3986 pecunia
804 3905 937 3987 jugulat
961 3913 996 3969 et
1019 3902 1165 3968 occidit?
1188 3902 1241 3965 Ex
1264 3908 1360 3982 parte
1407 3922 1409 3927 ’

165 4014 278 4075 autem
303 4011 353 4076 rei
375 4011 556 4093 allegatur:
584 4010 662 4075 Cum
685 4015 794 4074 tortor
820 4007 924 4075 faciat
954 4015 1064 4073 actum
1090 4007 1157 4088 juri
1182 4013 1216 4071 et
1235 4007 1360 4088 judicio

165 4116 402 4191 necessarium,
434 4119 469 4179 et
491 4115 564 4179 sine
587 4132 651 4192 qno
679 4114 815 4196 justitia
846 4115 941 4180 finem
974 4112 1122 4179 debitum
1153 4110 1264 4176 sortiri
1296 4128 1361 4175 uon

167 4219 284 4300 possit,
306 4224 425 4299 utrum,
448 4227 526 4283 actu
549 4219 611 4282 tali
634 4237 699 4283 nou
723 4220 890 4302 obstante,
914 4236 978 4283 non
996 4217 1041 4281 sit
1057 4236 1116 4296 pro
1133 4224 1222 4281 teste
1242 4215 1359 4279 idoneo

166 4322 403 4405 recipiendus?
420 4322 527 4403 Super
539 4340 602 4400 quo
619 4321 834 4387 diffinitum
850 4321 866 4385 f
870 4322 937 4405 uit,
954 4323 1041 4400 quod
1057 4338 1156 4402 preco
1173 4319 1244 4383 siue
1261 4318 1360 4383 dubio
