3275 5009
782 375 948 432 Sententiae

371 585 445 649 144.
487 583 574 650 Gara
606 607 663 649 cea
697 585 799 650 tutela
835 585 1039 672 pupillorum
1073 595 1215 650 norcrest
1248 585 1461 650 creditoribus

267 691 502 758 comparcendo.
526 691 605 758 Cum
626 689 662 756 iu
685 688 849 757 Chrisans
872 695 1001 759 mortuo
1024 689 1166 773 quodam
1197 689 1325 758 rustico
1355 689 1459 758 divite

268 793 364 879 alter,
379 793 435 876 qui
450 796 585 861 dicebat
600 798 738 862 eundem
762 795 827 863 sibi
850 796 1033 879 obligatum
1057 795 1091 862 iu
1112 796 1236 863 debitis
1253 795 1460 878 remansisse,

267 918 379 967 curam
395 901 600 966 bonorumet
612 917 788 981 puerorum
802 899 866 965 sibi
879 899 1040 966 committi
1053 919 1124 968 cum
1136 899 1302 966 instantia
1314 903 1458 984 rogaret,
1471 901 1472 906 ’

267 1005 585 1070 sententiatum
601 1002 681 1072 fuit:
699 1004 794 1089 Quod
805 1004 885 1071 talis
901 1004 1031 1087 rogatio
1044 1009 1213 1086 tamquam
1225 1010 1382 1086 suspecta
1394 1020 1461 1071 uon

266 1108 406 1175 deberet
429 1108 577 1192 admitti;
607 1127 673 1175 non
701 1113 754 1174 cst
777 1109 864 1174 euim
895 1113 1036 1191 cautum,
1068 1111 1155 1189 quod
1186 1108 1308 1190 aliquis
1339 1127 1460 1191 eorum,

267 1211 323 1293 qui
354 1212 456 1278 habet
484 1213 649 1296 obligatas
681 1213 744 1278 sibi
775 1229 830 1278 res
861 1210 1018 1290 defuncti
1049 1216 1093 1279 ad
1127 1213 1402 1296 gubernationem
1427 1217 1461 1278 et

266 1317 472 1383 curationem
502 1319 661 1384 bonorum
692 1323 727 1382 et
756 1315 938 1383 liberorum
975 1316 1127 1384 defuncti
1164 1317 1371 1383 admittatur.
1413 1317 1461 1382 Et

267 1421 366 1488 etiam
390 1423 419 1488 sl
443 1423 517 1502 quis
539 1423 686 1488 tacuerit
715 1423 749 1488 iu
781 1420 945 1503 principio
976 1423 1018 1486 de
1048 1421 1254 1506 obligatione
1285 1426 1320 1487 et
1348 1420 1459 1487 factus

266 1523 369 1591 fuerit
392 1531 527 1592 curator
548 1529 709 1592 bonorum
731 1533 767 1592 et
785 1528 956 1610 juvenum,
987 1525 1106 1591 merito
1129 1526 1229 1592 cadet
1253 1527 1294 1590 ab
1318 1525 1461 1608 actione,

266 1647 364 1710 quam
387 1634 504 1712 postea
528 1632 691 1696 adversus
715 1630 856 1712 pupillos
880 1635 914 1696 et
936 1630 1082 1696 minores
1113 1649 1272 1698 annorum
1302 1629 1459 1696 movebit

265 1733 350 1800 Item
374 1753 438 1800 uon
462 1740 515 1801 est
538 1736 725 1802 necessitas
750 1735 962 1802 curatoribus
985 1735 1146 1802 minorum
1169 1735 1330 1817 pecunias
1347 1734 1459 1801 foene-

266 1857 350 1915 rare,
380 1840 441 1906 scd
471 1845 568 1905 caute
597 1858 761 1921 reponere
784 1846 819 1906 et
843 1857 999 1920 servare;
1021 1858 1097 1905 uam
1129 1839 1245 1905 melius
1275 1840 1400 1906 osteis
1425 1839 1460 1905 iu

264 1943 411 2022 antiquis
446 1947 537 2009 tutos
570 1962 714 2028 manere,
754 1963 851 2024 quam
889 1962 1011 2009 usuras
1049 1945 1249 2026 appetendo,
1282 1943 1383 2009 etiam
1416 1945 1459 2010 ab

264 2047 405 2126 antiqua
428 2049 569 2128 pecunia
592 2050 729 2127 cadere3
752 2053 865 2130 potest
889 2052 999 2113 tamen
1023 2053 1160 2112 curator
1180 2047 1266 2112 alias
1282 2046 1459 2130 negotiari,

265 2149 294 2216 si
317 2154 429 2217 tamen
452 2158 550 2234 pater
573 2152 690 2234 pupilli
713 2152 928 2220 consueverit
950 2151 1129 2234 negotiari.

368 2306 441 2371 145.
465 2305 639 2370 Curatores
663 2317 692 2369 ct
715 2317 836 2369 tutores
860 2309 956 2370 eliam
972 2305 1123 2369 malr'eras
1141 2326 1294 2368 accusare
1304 2317 1456 2388 possunt.

263 2410 304 2476 In
327 2410 445 2477 Gostel
468 2418 642 2479 curatores
665 2412 862 2495 pupillorum
887 2415 921 2478 et
935 2414 1096 2478 bonorum
1112 2411 1306 2492 petiverunt
1319 2409 1459 2492 juratos,

263 2518 351 2595 quod
381 2515 537 2582 mulieres
569 2519 739 2599 quasdam,
771 2535 857 2598 quae
887 2515 1082 2595 frequenter
1113 2515 1153 2580 de
1185 2512 1393 2596 negligentia
1424 2519 1459 2581 et

263 2619 375 2684 inutili
398 2619 649 2700 dispensatione
673 2624 831 2687 bonorum
855 2638 965 2685 eorum
993 2618 1072 2684 fidei
1096 2617 1342 2685 commissorum
1365 2617 1457 2700 ipsos

263 2729 451 2808 arguerent,
490 2723 591 2792 silere
619 2724 771 2790 lacerent
802 2729 837 2790 et
868 2724 1084 2807 corrigerent.
1120 2722 1346 2806 Quaesierunt
1376 2740 1458 2806 ergo

258 2827 373 2912 jurati,
412 2834 522 2894 utrum
559 2828 637 2894 talis
678 2828 795 2909 petitio
831 2828 876 2894 sit
907 2828 1010 2911 Justa
1043 2828 1098 2892 vel
1132 2832 1240 2892 utrum
1275 2828 1317 2894 ad
1353 2828 1458 2893 verba

261 2933 434 2999 mulierum
450 2933 619 3014 inquirere
635 2934 781 2999 debeant
796 2935 837 2998 de
853 2933 1069 3016 negligentiis
1088 2931 1304 2998 curatorum?
1321 2929 1458 3012 Super

262 3056 343 3118 quo
367 3036 601 3104 diffinitum
623 3036 725 3102 fuit:
748 3036 842 3119 Quod
866 3037 953 3102 sicut
972 3037 1077 3122 jurati
1099 3036 1253 3118 diligunt,
1277 3037 1364 3115 quod
1380 3039 1457 3116 post

263 3160 375 3208 eorum
398 3146 535 3206 mortem
560 3143 601 3207 de
625 3143 720 3208 bouis
743 3146 913 3207 eteorum
945 3140 1057 3222 pueris
1089 3144 1173 3206 bene
1204 3141 1271 3220 fiat,
1302 3139 1350 3204 sic
1382 3156 1456 3204 cum

262 3246 438 3328 diligentia
461 3247 584 3311 debent
609 3251 892 3326 praemortuorum
925 3245 1020 3310 bouis
1052 3249 1085 3310 et
1116 3242 1229 3327 pueris
1261 3242 1456 3323 providere3

261 3352 349 3415 uude
379 3352 422 3415 ad
454 3367 566 3414 curam
596 3350 651 3415 vel
680 3351 819 3414 tutelam
850 3355 1040 3430 suspectam
1074 3349 1295 3414 accusandam
1330 3347 1455 3411 debent

261 3455 362 3520 etiam
395 3453 527 3518 admitti
555 3453 720 3535 mulieres,
755 3471 841 3533 quae
873 3452 1010 3534 pietatis
1042 3451 1292 3518 necessitudine
1324 3452 1454 3533 ductae,

260 3561 303 3623 ad
326 3559 388 3623 hoc
411 3559 605 3638 procedunt,
628 3558 716 3622 sicut
738 3562 855 3633 mater,
878 3558 964 3639 avia,
996 3573 1090 3622 soror
1122 3557 1177 3621 vel
1200 3554 1395 3636 propinqua,
1419 3558 1455 3620 et

261 3662 369 3738 etiam,
393 3661 421 3726 si
445 3678 530 3740 quae
553 3659 620 3726 alia
642 3661 761 3726 mulier
784 3661 838 3741 sit,
862 3663 954 3743 cujus
973 3661 1077 3743 Judex
1109 3667 1144 3725 et
1164 3659 1269 3740 jurati
1299 3676 1454 3741 maguam

260 3767 419 3847 pietatem
443 3765 675 3848 intellexerint,
698 3765 879 3830 admittent
902 3782 974 3830 eam
999 3765 1041 3828 ad
1065 3764 1297 3828 accusandum.

362 3920 435 3985 146.
459 3915 634 3984 Curatores
656 3922 767 4005 potina
792 3920 905 3983 debeat
929 3941 995 3981 esse
1019 3917 1201 3982 saeculares
1222 3938 1315 4001 quarn
1333 3915 1454 3981 clerici.

259 4022 585 4089 sententiatum
608 4024 730 4090 estin
753 4025 937 4090 Obremsir:
969 4024 1066 4107 Quod
1094 4025 1135 4088 de
1160 4021 1272 4103 pueris
1297 4019 1449 4088 elbonis

258 4127 370 4192 uxoris
417 4131 452 4192 et
497 4129 618 4211 mariti,
664 4148 736 4194 cum
782 4128 938 4194 intestati
980 4130 1158 4210 decedunt,
1194 4126 1303 4192 frater
1340 4124 1451 4190 uxoris

258 4231 363 4298 laicus
401 4230 561 4317 existens,
597 4235 769 4298 dummodo
814 4251 881 4298 nou
929 4231 975 4296 sit
1020 4231 1153 4297 infamis
1200 4249 1259 4296 seu
1292 4233 1449 4296 bonorum

258 4335 448 4414 dissipator,
471 4336 581 4414 potius
604 4337 734 4403 nomine
756 4336 938 4418 provisoris
956 4353 992 4400 se
1009 4334 1214 4417 intromittit,
1232 4353 1329 4414 quam
1345 4332 1451 4398 frater
