3275 5009
669 326 837 378 Brunenses.
1301 323 1351 378 111

256 535 394 617 Super
416 545 585 614 quorum
610 533 742 615 primo
765 552 1018 614 responsum
1041 533 1142 600 fuit:
1159 532 1255 618 Quod
1271 535 1351 603 elle-

152 636 245 722 gatio
278 639 504 722 privignorum
541 636 751 703 rationabilis
776 643 812 704 et
830 639 924 722 justa
956 641 1027 718 est3
1061 639 1147 702 unde
1177 638 1296 705 mulier
1317 641 1353 708 iu

151 743 307 810 dotafitio
334 743 400 809 sibi
422 743 594 825 promisso,
622 744 711 822 quod
740 761 802 824 per
833 741 1086 826 generationem
1116 741 1256 809 filiorum
1286 763 1351 812 non

150 853 204 914 est
227 847 423 929 extinctum,
447 849 547 914 debet
578 864 653 912 esse
687 851 857 913 contenta.
893 847 953 914 Ad
988 848 1217 914 seeundum
1252 867 1351 915 vero

150 951 218 1017 dio
229 957 276 1017 tu
288 971 320 1016 m
335 950 378 1016 fu
388 951 438 1017 it:
451 949 547 1034 Quod
558 948 731 1033 promissio
742 948 890 1015 dotalitii
902 957 956 1016 est
965 950 1156 1034 arbitraria,
1165 954 1350 1018 seeundum

149 1057 359 1122 voluntatem
381 1054 611 1137 promittentis
636 1052 805 1135 possibilis
831 1053 933 1121 minui
948 1054 1003 1120 vel
1019 1055 1151 1138 augeri3
1175 1058 1351 1124 consuevit

149 1165 265 1228 tamen
288 1159 485 1240 frequenter
507 1159 648 1226 maritus
669 1159 705 1226 in
723 1164 819 1240 parte
842 1159 946 1226 tertia
970 1159 1067 1226 uxori
1090 1159 1163 1240 plus
1188 1178 1247 1242 pro
1272 1161 1351 1228 dote

149 1264 357 1348 promittere,
379 1283 478 1346 quam
500 1269 639 1330 econtra
662 1263 767 1344 solet3
791 1270 826 1330 et
849 1265 1029 1332 seeundum
1052 1264 1151 1330 istam
1175 1271 1352 1334 eonsuetu-

149 1369 261 1434 dinem
294 1369 390 1448 quasi
413 1368 632 1435 communiter
656 1371 885 1449 approbatam,
909 1370 1039 1448 quando
1064 1369 1122 1434 dos
1155 1368 1253 1435 unius
1277 1388 1352 1436 oon·

145 1474 340 1559 jngatorum
362 1474 556 1541 nominatim
580 1477 633 1538 est
656 1491 825 1554 expressa,
850 1475 952 1540 debet
975 1474 1035 1539 dos
1058 1473 1209 1556 alterius,
1244 1475 1273 1540 si
1300 1480 1354 1542 est

150 1581 264 1662 dubia,
291 1578 468 1646 moderari.

255 1738 328 1798 202.
344 1735 395 1798 De
407 1733 561 1800 dotalitio
572 1735 657 1818 quod
666 1741 774 1818 potavi
786 1733 927 1796 obtineri
932 1756 997 1818 per
1013 1731 1185 1800 mulierem.
1211 1735 1353 1819 Quidam

148 1844 400 1922 proposuerunt
435 1841 524 1905 huno
559 1857 687 1906 casum:
721 1838 892 1922 Quaedam
927 1838 1037 1920 puelle
1071 1838 1226 1904 maritum
1257 1841 1353 1904 duxit

149 1943 348 2028 legitimum,
376 1946 434 2026 qui
465 1948 547 2011 duas
574 1963 705 2010 marces
736 1962 926 2028 grossorum
957 1942 1104 2009 dotalitii
1131 1942 1262 2010 nomine
1290 1943 1355 2009 sibi

150 2049 314 2131 promisit,
337 2069 397 2132 pro
421 2049 541 2129 quibus
563 2049 685 2115 marcis
721 2049 785 2115 sibi
820 2049 938 2114 dandis
973 2047 1032 2113 alii
1066 2050 1131 2114 duo
1162 2050 1203 2113 de
1227 2048 1353 2113 nostris

150 2152 347 2219 concivibus
369 2153 614 2235 fidejusserunt.
644 2151 733 2234 Quos
757 2151 849 2218 dicta
872 2151 982 2233 puelle
1006 2170 1117 2219 coram
1141 2152 1267 2236 judicio
1292 2171 1353 2234 pro

151 2257 199 2323 eis
223 2257 401 2339 impetivit,
428 2257 581 2340 obligans
616 2275 653 2323 se
687 2259 729 2323 ad
763 2258 969 2338 probandum
1003 2264 1071 2322 tum
1107 2256 1353 2340 fidejussionem

151 2379 252 2441 quam
268 2361 519 2442 promissionem
535 2379 596 2442 per
610 2365 719 2426 testes
735 2362 881 2438 idoneos,
902 2361 960 2440 qui
979 2361 1166 2442 ,nuptiales
1181 2361 1351 2428 homines‘⁴

151 2465 318 2547 dicuntur,
342 2465 426 2531 111.
453 2465 543 2548 vulg.
567 2465 707 2531 dicendo
740 2465 945 2548 dingleut
978 2467 1058 2531 oder
1091 2465 1354 2549 heyratleut.

151 2569 236 2635 Pars
264 2587 341 2634 vero
365 2570 511 2636 adversa
535 2571 576 2634 de
599 2569 814 2654 fidejussione
838 2587 975 2652 negans,
998 2569 1125 2650 obligat
1148 2588 1185 2636 se
1201 2571 1244 2636 ad
1260 2587 1354 2636 suam

152 2674 345 2756 negativam
389 2673 629 2740 verificandum
667 2679 702 2740 et
740 2674 896 2740 similiter
932 2691 993 2754 per
1030 2681 1137 2741 testes
1185 2674 1354 2754 nuptiales

153 2779 409 2860 ostendendum,
443 2780 529 2858 quod
565 2779 630 2861 ipsi
670 2779 802 2861 puellae
845 2778 928 2843 nihii
968 2777 1158 2859 promiserit
1195 2795 1257 2842 nee
1294 2797 1354 2858 pre

154 2883 266 2963 aliquo
298 2882 452 2950 dotalitio
482 2882 689 2966 fidejusserit
723 2884 765 2947 ad
800 2884 949 2964 eandem,
983 2886 1103 2964 petens
1137 2888 1249 2947 tamen
1290 2883 1354 2948 hoe

155 3004 213 3067 pro
242 3005 281 3052 se
305 2985 515 3064 sententiani,
546 2991 657 3052 utrum
688 3006 743 3053 res
774 3004 853 3052 sues
884 3005 945 3067 per
973 2991 1081 3051 testes
1111 3004 1177 3051 non
1207 2989 1354 3053 debeant

153 3089 272 3156 melius
296 3089 484 3170 defendere,
518 3110 617 3172 quiam
646 3091 710 3157 eibi
740 3091 871 3172 possint
898 3109 958 3171 per
988 3091 1129 3171 aliquem
1162 3091 1354 3158 decertari?

154 3192 333 3260 Petierunt
345 3212 424 3278 ergo
437 3194 618 3278 informari,
627 3197 722 3280 ouJ'us
733 3196 841 3277 partis
851 3199 957 3260 testes
971 3193 1040 3259 sint
1048 3194 1159 3275 potius
1172 3195 1353 3262 audiendi?

260 3297 424 3379 Quibus
447 3316 697 3380 responsum
721 3299 806 3365 fuit
829 3299 906 3364 sic:
930 3296 1024 3380 Quod
1041 3305 1149 3366 testes
1167 3300 1296 3381 puellae
1313 3303 1354 3367 de

156 3418 216 3467 uua
239 3408 339 3484 parte
366 3405 409 3467 ad
442 3409 625 3469 tractatum
658 3404 861 3470 matrimonii
895 3403 995 3470 electi
1029 3408 1064 3468 et
1097 3405 1210 3470 vooati
1246 3405 1353 3486 potius

157 3512 233 3572 sunt
265 3507 431 3587 audiendi,
464 3525 562 3588 quam
596 3511 704 3574 testes
738 3508 978 3590 fidejussorum,
1012 3525 1073 3590 per
1106 3526 1187 3589 quos
1222 3508 1353 3590 puellae

158 3611 393 3690 querimoniam
418 3615 562 3679 evadere
585 3614 721 3679 vellent.
745 3613 826 3678 Cum
851 3614 937 3678 enim
961 3613 1073 3694 puella
1096 3617 1177 3696 agat
1201 3615 1241 3679 de
1259 3615 1352 3678 dota·

157 3713 237 3801 litio,
261 3717 347 3796 quod
370 3719 551 3797 respondet
574 3717 683 3797 pretio
700 3734 760 3781 suo
776 3733 916 3797 corpore
932 3716 1111 3800 deservite,
1128 3716 1284 3799 pinguius
1300 3718 1353 3800 ius

159 3820 220 3886 sibi
242 3820 403 3902 competit
424 3822 467 3887 ad
490 3821 712 3906 fidejussores,
735 3840 817 3901 quos
842 3821 982 3903 impetit,
1006 3839 1065 3902 per
1088 3826 1196 3888 testes
1217 3822 1351 3889 convin-

161 3927 306 4008 cendum,
330 3943 428 4006 quam
451 3926 499 3990 eis
523 3931 691 4007 competat
714 3928 757 3992 ad
781 3925 1035 3993 defendendum.

260 4085 332 4144 203.
359 4082 409 4146 De
431 4082 593 4162 dotalitio,
617 4084 701 4155 11οά
717 4091 829 4165 potest
851 4082 990 4144 obtineri
1006 4083 1206 4166 peretrum.
1234 4084 1353 4150 Cusum

161 4184 259 4252 talem
294 4186 430 4267 quidam
460 4192 722 4269 proposuerunt:
753 4186 893 4269 Quidam
930 4192 1046 4252 noster
1079 4186 1226 4254 concivis
1258 4189 1352 4253 dives

163 4289 307 4356 existens
328 4293 491 4371 quandam
508 4292 677 4357 mulierem
695 4311 872 4373 pauperem
890 4294 930 4358 de
948 4291 1029 4357 villa
1046 4289 1141 4356 duxit
1156 4291 1190 4356 in
1208 4309 1352 4372 uxorem,
