3275 5009
261 279 296 329 34
778 274 943 329 Sententiae

260 482 454 549 necessaria
477 489 512 548 et
535 482 721 563 vehemens,
753 487 875 563 utputa
902 482 988 549 siin
1018 483 1089 549 loco
1121 490 1252 549 secreto
1285 484 1338 551 vir
1368 486 1457 552 solus

259 605 332 652 cum
356 586 429 653 sola
451 591 486 653 et
509 589 616 653 nudus
648 605 722 653 cum
753 588 841 653 nuda
871 587 1073 670 inveniatur,
1105 587 1338 671 praesumitur,
1369 592 1455 669 quod

185 760 188 765 ,
259 709 333 756 eam
349 690 530 757 carnaliter
557 689 765 774 cognoverit,
785 695 820 756 et
838 692 917 757 talis
934 692 1160 775 praesumptio
1177 692 1318 759 animum
1333 692 1455 774 judicis

259 794 454 874 aliqualiter
475 811 610 859 movere
633 799 756 875 potest.

365 971 414 1032 28.
449 966 504 1031 Ad
533 967 615 1032 r'dcm
650 978 805 1052 quautam
836 970 880 1030 ad
909 966 1050 1034 duellum
1081 972 1116 1031 in
1146 992 1245 1034 causa
1279 969 1459 1038 criminali.

259 1073 313 1140 Ex
335 1069 517 1139 indictione
541 1072 644 1139 duelli
666 1090 733 1139 uon
756 1071 909 1157 legitima
932 1073 1094 1158 probatio,
1125 1075 1185 1141 sed
1208 1077 1338 1139 tanturn
1363 1093 1457 1157 prae-

259 1178 403 1258 sumptio
434 1181 633 1261 generatum
664 1190 699 1243 et
729 1196 810 1261 ergo
834 1177 1029 1259 quicumque
1052 1177 1173 1247 frivole
1202 1196 1313 1244 coram
1331 1177 1456 1261 jnratis

232 1281 236 1290 “
258 1287 295 1345 et
325 1298 436 1346 coram
466 1280 593 1362 judicio
616 1280 779 1347 hominem
804 1283 943 1363 probum
966 1283 1007 1347 de
1031 1280 1168 1348 crimine
1199 1299 1372 1366 accusans,
1405 1285 1459 1350 vel

258 1385 372 1451 verbis
396 1384 549 1466 turpibus
573 1389 727 1468 obruens,
751 1386 897 1452 duellum
925 1385 990 1453 sibi
1012 1386 1162 1452 indicere
1185 1388 1457 1469 praesumpserit,

258 1493 427 1569 tamquam
450 1490 694 1570 calumpniator
717 1498 753 1557 et
775 1490 973 1557 temerarius
997 1490 1122 1557 citator
1143 1491 1253 1559 solvet
1276 1492 1458 1574 emendam,

257 1610 343 1673 qnae
381 1594 572 1660 criminibus
602 1599 637 1660 et
665 1595 779 1662 verbis
816 1595 969 1677 turpibus
1009 1596 1257 1677 correspondet,
1288 1598 1323 1661 et
1354 1594 1457 1663 etiam

258 1716 317 1779 pro
349 1716 396 1780 eo,
428 1700 514 1778 quod
546 1698 625 1764 talis
655 1716 732 1765 rens
762 1697 942 1780 dupliciter
973 1698 1128 1782 excessit,
1157 1698 1317 1766 videlieet
1354 1701 1456 1767 uerba

258 1800 395 1869 confusa
426 1801 624 1885 proferendo
659 1811 695 1869 et
728 1804 870 1870 duellum
907 1802 1092 1870 indicendo.
1130 1802 1177 1869 Et
1210 1801 1290 1869 licet
1325 1804 1459 1871 ratione

258 1908 434 1974 verborum
458 1912 616 1979 teneatur
644 1909 687 1974 ad
718 1910 889 1974 emendam
923 1909 1061 1973 ducrum
1095 1909 1306 1991 talentorum,
1341 1913 1458 1974 tamen

257 2011 390 2077 ratione
413 2012 517 2078 duelli
540 2012 710 2096 obligatur
733 2013 835 2077 etiam
859 2012 892 2077 in
916 2010 1025 2076 tribus
1047 2012 1203 2091 talentis;
1234 2018 1269 2077 et
1293 2010 1343 2077 sic
1375 2012 1454 2079 talis

257 2115 367 2181 solvet
400 2116 545 2197 quinque
580 2116 718 2193 talenta,
748 2116 778 2182 si
810 2134 911 2197 super
942 2115 1085 2198 gratiam
1115 2116 1249 2181 tandem
1281 2116 1455 2182 'excessum

256 2236 351 2283 suum
376 2217 547 2285 confessus
569 2217 673 2285 inerit
695 2219 905 2300 poenitentia
928 2221 1057 2285 ductus.
1081 2218 1127 2285 Et
1144 2220 1327 2285 notandum
1346 2220 1456 2303 etiam,

257 2322 285 2388 si
318 2323 561 2405 calumpniator
593 2322 674 2389 talis
708 2324 850 2404 pecunia
885 2324 1041 2405 caruerit,
1077 2340 1137 2388 sex
1175 2322 1384 2403 septimanas
1425 2325 1459 2391 in

256 2426 353 2508 cippo
377 2427 550 2509 puniatur,
583 2426 613 2492 si
637 2430 747 2492 autem
778 2427 863 2493 levis
895 2431 929 2493 et
958 2426 1137 2493 inhonesta
1167 2443 1310 2508 persona
1341 2426 1454 2511 fuerit,

256 2532 300 2596 ad
322 2535 478 2613 statuam,
500 2530 534 2595 in
558 2530 663 2595 medio
687 2530 861 2611 hominum,
883 2530 1010 2613 ligatus
1033 2529 1224 2613 flagelletur
1246 2535 1282 2595 et
1305 2532 1346 2597 de
1376 2530 1456 2598 civi-

257 2638 331 2700 tate
354 2638 473 2715 postea
497 2634 691 2715 repellatur.

360 2809 413 2875 29.
435 2807 486 2869 De
509 2817 617 2871 actore
640 2817 671 2871 et
693 2827 747 2870 rao
772 2816 927 2891 quantum
958 2808 1002 2870 od
1032 2808 1283 2890 occupationem.
1315 2808 1455 2888 Sciatur,

255 2913 343 2993 quod
373 2912 408 2977 in
441 2929 638 2993 quocunque
661 2909 788 2997 judicio
812 2914 908 2978 actor
929 2911 1059 2978 invenit
1082 2929 1183 2995 rcum,
1206 2911 1241 2977 in
1264 2908 1322 2978 illc
1346 2918 1456 2995 potest

255 3036 316 3098 pro
349 3035 450 3082 causa
481 3017 648 3097 pecuniali
679 3018 719 3082 de
755 3034 794 3082 eo
828 3016 1007 3098 querulari,
1041 3022 1076 3082 et
1109 3016 1181 3098 ipse
1216 3020 1352 3082 tenetur
1386 3016 1455 3083 suis

255 3122 470 3202 querimoniis
495 3123 707 3203 respondere.
740 3122 805 3186 Pro
837 3139 938 3187 cansa
973 3138 1054 3187 vero
1086 3119 1179 3195 reali,
1211 3138 1296 3201 quae
1328 3126 1382 3187 est
1414 3123 1454 3211 de

254 3226 367 3307 terrie,
402 3224 648 3291 hereditatibus
679 3231 715 3290 et
747 3208 1022 3305 possessionibus,
1057 3225 1293 3290 recurrendum
1328 3230 1382 3290 est
1413 3226 1455 3289 ad

254 3330 336 3397 illud
356 3329 527 3411 judicium,
549 3329 583 3394 in
607 3345 670 3409 quo
693 3328 924 3409 possessiones
948 3334 1026 3394 sunt
1048 3329 1188 3394 locatae.

358 3504 410 3567 30.
439 3500 553 3564 Utrum
576 3512 666 3563 actor
689 3510 720 3563 et
741 3521 816 3563 reue
827 3501 961 3585 possint
977 3521 1109 3563 causam
1131 3520 1225 3563 auam
1248 3498 1349 3565 alleri
1371 3522 1454 3564 corn.-

253 3609 381 3672 raittorr
396 3608 482 3670 ricae
494 3605 716 3689 procuratori.
737 3604 775 3673 si
796 3622 875 3673 reus
890 3606 933 3672 de
949 3623 1112 3673 consensu
1128 3604 1252 3672 actoris
1267 3604 1360 3672 vices
1377 3623 1455 3673 snas

250 3714 365 3798 jurato
399 3709 611 3793 commiserit,
642 3709 828 3777 commissio
862 3710 962 3793 valet,
993 3715 1028 3775 et
1058 3711 1192 3794 juratus
1223 3708 1455 3790 procuratorio

254 3816 385 3883 nomine
419 3818 463 3882 ad
495 3815 685 3882 faciendam
719 3815 949 3896 probationem
983 3832 1057 3879 cum
1092 3814 1237 3880 testibus
1271 3814 1454 3894 procedere

253 3926 376 4004 potest,
398 3921 471 4002 ipso
490 3921 576 4003 jnre.
601 3918 638 3984 Si
660 3936 741 3986 uero
766 3919 810 3984 ad
834 3917 1096 3984 commissionem
1114 3918 1253 3983 eandem
1270 3934 1455 3984 consensus

252 4026 379 4091 actoris
402 4042 468 4090 non
491 4021 687 4105 accesserit,
710 4023 827 4106 vigore
844 4022 982 4103 carebit,
1000 4025 1035 4087 et
1051 4040 1128 4089 reus
1144 4039 1185 4087 ex
1202 4022 1273 4105 ejus
1291 4021 1456 4103 absentia,

252 4148 329 4195 cum
362 4127 586 4211 personaliter
619 4127 707 4192 sicot
742 4131 777 4192 et
812 4130 919 4192 testes
954 4125 989 4191 in
1020 4144 1119 4192 cruce
1146 4126 1261 4207 jurare
1289 4125 1454 4206 debuerit,

252 4252 389 4300 causam
411 4234 524 4315 perdit
546 4240 582 4298 et
604 4237 699 4297 actor
722 4238 775 4297 est
800 4249 893 4297 suam
913 4230 1081 4315 justitiam
1102 4239 1273 4297 *executus
