3275 5009
209 399 213 406 .
234 355 269 405 80
751 347 918 402 Sententiae

234 561 474 628 commodatum
486 561 598 622 eutem
611 555 807 622 conceditur
823 557 865 622 ad
878 561 1005 622 certum
1018 574 1122 638 usum,
1135 554 1232 636 quisi
1244 555 1428 633 exceditur,

234 666 290 733 ille
313 662 369 744 qui
392 681 462 728 rem
489 662 726 728 commodatam
756 661 896 744 recepit,
926 659 1094 727 defectum
1127 663 1198 746 ejus
1221 661 1428 742 emendabit,

234 771 321 838 sicut
354 768 450 836 verbi
480 767 606 852 gratia:
642 767 811 849 ,Concedo
840 766 902 833 tibi
935 783 1063 846 equum,
1085 771 1123 831 ut
1153 767 1195 832 ad
1219 765 1330 832 villam
1353 785 1429 832 eum

234 874 394 956 equites“,
411 878 448 938 tu
465 889 544 940 vero
560 890 678 951 equum
700 872 743 936 ad
765 870 886 936 bellum
911 872 1029 952 duces,
1052 869 1082 935 si
1104 887 1184 937 vero
1201 870 1247 936 ibi
1267 870 1432 936 morintur

233 978 288 1046 vel
311 977 483 1058 occiditur,
499 978 542 1042 ad
558 977 630 1060 ejus
647 974 845 1042 solutionem
862 974 1031 1058 obligaris.
1053 974 1100 1040 Et
1116 974 1272 1041 consistit
1292 991 1429 1040 commo·

234 1085 348 1149 datum
363 1082 399 1148 iu
414 1083 513 1148 rebus
535 1079 713 1146 mobilibus
728 1084 765 1145 et
780 1097 816 1146 se
832 1078 1044 1145 moventibus
1061 1084 1096 1144 et
1112 1080 1310 1158 quandoque
1328 1077 1430 1144 etiam

233 1188 268 1255 iu
284 1186 511 1268 immobilibus,
530 1190 566 1250 et
581 1186 683 1251 debet
705 1185 799 1250 bomo
825 1183 874 1249 rei
898 1183 962 1252 sibi
985 1200 1166 1250 concessae
1184 1181 1428 1267 diligentiorem

234 1290 418 1357 custodiam
449 1289 620 1371 adhibere,
651 1305 748 1368 quam
780 1288 830 1355 rei
862 1288 1026 1370 propriae,
1051 1292 1085 1354 et
1109 1289 1210 1354 debet
1233 1305 1301 1353 rem
1325 1287 1427 1352 talem

234 1380 456 1461 commodanti
493 1393 665 1459 remittere
703 1410 763 1474 per
794 1394 947 1459 nuntium
979 1397 1105 1460 certum
1137 1399 1172 1459 et
1205 1393 1368 1469 idoneum,
1399 1391 1428 1456 si

234 1499 365 1580 culpam
399 1496 546 1564 uoluerit
579 1495 642 1563 sibi
679 1495 850 1578 imputari.
889 1498 1000 1564 Debet
1037 1497 1139 1564 etiam
1177 1515 1233 1564 res
1271 1513 1429 1564 concessa

234 1602 369 1669 restitui
400 1602 513 1668 debito
541 1607 700 1684 tempore,
730 1601 809 1683 quia
840 1621 881 1668 ex
913 1621 1003 1669 mora
1033 1602 1126 1668 iacta
1155 1602 1189 1667 im
1220 1600 1430 1668 restituendo

234 1707 330 1773 homo
354 1706 445 1772 cadit
467 1707 502 1772 in
527 1706 665 1787 culpam.
688 1706 772 1772 Item
797 1706 906 1774 sires
930 1708 1136 1774 commodata
1159 1705 1249 1787 perit
1272 1723 1311 1772 eo
1327 1706 1432 1785 modo,

234 1830 298 1891 quo
321 1812 411 1892 apud
434 1811 693 1877 commodantem
715 1809 838 1876 fuisset
862 1810 1020 1894 peritura,
1044 1829 1085 1876 ex
1109 1811 1170 1876 boc
1193 1809 1260 1894 ille,
1286 1809 1430 1890 quirem

233 1933 426 1982 concessam
450 1915 579 1998 recipit,
602 1933 669 1981 non
692 1919 829 1980 tenetur
852 1916 895 1980 ad
920 1917 1059 1997 culpam.

338 2036 391 2101 Ex
406 2037 480 2102 istis
498 2037 583 2103 sumi
599 2042 739 2119 possunt
755 2037 909 2104 diversae
927 2039 1126 2109 sententiae,
1139 2057 1224 2119 quae
1235 2037 1431 2116 frequenter

235 2146 445 2221 quaeruntur
466 2143 508 2207 de
531 2142 632 2206 rebus
656 2141 834 2209 concessis.

338 2315 412 2379 134.
437 2316 486 2378 Dc
510 2316 765 2379 concoctionibus
781 2339 932 2400 equorum
948 2317 1147 2402 specialiter.
1171 2317 1208 2383 Si
1223 2317 1318 2382 bomo
1333 2312 1431 2380 alteri

234 2419 341 2503 gratis
361 2438 480 2499 equum
503 2422 664 2503 concedit,
687 2427 722 2487 et
743 2423 774 2488 si
796 2422 876 2488 talis
892 2421 926 2491 ln
942 2421 998 2489 via
1014 2440 1133 2503 equum
1149 2423 1289 2487 eundem
1305 2417 1426 2501 perdit,

234 2524 341 2604 ipsum
358 2523 422 2589 sibi
437 2524 563 2605 solvet,
586 2525 702 2591 debuit
718 2526 804 2592 euim
819 2546 939 2607 equum
955 2531 1095 2594 eundem
1110 2525 1315 2610 diligentius,
1333 2541 1430 2604 quam

234 2627 265 2692 si
287 2645 368 2692 suus
391 2627 512 2694 fuisset
534 2631 696 2714 proprius,
720 2632 915 2699 custodIsse.
951 2632 986 2698 Si
1013 2638 1124 2698 autem
1151 2635 1257 2698 morte
1283 2627 1432 2696 naturali

234 2732 382 2811 moritur,
413 2735 585 2800 dummodo
618 2754 679 2817 per
712 2737 919 2816 equitantem
951 2736 1042 2802 ultra
1075 2738 1205 2802 modum
1240 2733 1430 2801 voluntarie

235 2835 398 2918 fatigatus
414 2857 480 2904 oon
493 2839 606 2923 tuerit,
623 2858 688 2906 non
704 2842 864 2908 solvetur.
887 2841 940 2907 Ex
955 2840 1162 2907 necessitate
1177 2857 1258 2906 vero
1274 2837 1433 2922 legitima,

236 2941 265 3006 si
289 2946 444 3020 equuteus
468 2947 605 3009 mortem
630 2944 704 3025 equi
729 2945 934 3028 procuravit,
957 2944 1046 3012 sicut
1068 2945 1098 3011 ai
1122 2944 1355 3026 captivitatem
1377 2940 1432 3008 vel

236 3047 333 3113 vitae
352 3048 534 3129 periculum
558 3050 701 3115 evadere
724 3050 850 3132 volens,
873 3067 993 3129 equum
1009 3052 1053 3114 ad
1069 3066 1199 3114 cursum
1223 3045 1432 3116 excessivum

173 3187 177 3193 ·
236 3151 393 3218 incitavit
408 3156 443 3218 et
459 3153 577 3236 coegit,
600 3152 707 3235 ipsum
723 3155 842 3222 solvet.
865 3154 975 3220 Debet
991 3158 1103 3220 tamen
1119 3153 1154 3219 im
1170 3150 1261 3218 dicta
1278 3166 1433 3229 equorum

237 3256 452 3323 concessione
475 3257 654 3341 diligenter
677 3259 793 3341 videri,
824 3260 854 3326 si
883 3278 989 3339 equus
1020 3276 1122 3324 sanus
1151 3258 1206 3326 vel
1228 3255 1376 3322 infirmus
1400 3256 1436 3318 et

237 3360 356 3427 debilis
379 3362 512 3443 roganti
536 3365 738 3429 concedatur
767 3364 823 3429 vel
852 3365 895 3430 ad
931 3363 1003 3447 ejus
1031 3381 1150 3445 preces
1172 3360 1359 3441 equitetur;
1381 3375 1433 3424 se·

238 3466 379 3531 cundum
402 3457 464 3530 hoc
487 3464 582 3542 enim,
605 3464 635 3530 si
651 3483 756 3546 equus
770 3465 805 3532 in
820 3467 878 3534 via
894 3465 1041 3547 moritur,
1053 3466 1159 3549 Jurati
1175 3483 1276 3546 super
1295 3463 1434 3530 ferenda

237 3568 409 3633 sententia
438 3566 628 3653 diffinitiva,
674 3575 782 3636 utrum
817 3572 863 3638 sit
894 3572 1073 3638 solvendus
1104 3570 1159 3636 vel
1193 3588 1269 3652 nou,
1299 3571 1433 3632 'mature

239 3671 444 3754 cogitabunt.
1143 3667 1146 3674 “

342 3797 427 3862 Item
452 3813 554 3875 equus
579 3816 637 3878 pro
660 3797 769 3877 pretio
793 3804 987 3882 conventus,
1009 3800 1039 3866 si
1061 3799 1096 3865 iu
1118 3799 1174 3866 via
1195 3794 1354 3879 perditur,
1369 3811 1435 3859 nou
1501 3833 1504 3839 ·
1603 3869 1604 3898 ζ

238 3898 405 3981 solvetur3
428 3898 457 3964 si
480 3905 591 3965 autem
615 3899 706 3965 ultra
738 3901 829 3966 vires
860 3901 934 3968 siue
963 3904 1168 3969 necessitate
1195 3901 1346 3987 legitima
1377 3916 1437 3980 per

239 4003 381 4082 aliquem
405 4004 592 4070 voluntarie
615 4002 777 4086 fatigatus
799 4001 911 4090 fuerit,
927 4007 975 4073 ita
992 4008 1078 4087 quod
1094 4006 1265 4084 moriatur,
1282 4012 1363 4072 tuuc
1383 4007 1437 4070 est

239 4108 428 4174 solvendus.

343 4220 428 4285 Item
452 4221 481 4285 si
496 4221 698 4300 umusalteri
713 4225 774 4290 sub
790 4223 854 4288 hoc
870 4229 969 4303 pacto
986 4241 1106 4302 equum
1123 4224 1286 4308 concedIt,
1301 4223 1435 4289 didens:

244 4323 392 4408 ,Equum
415 4343 520 4390 meum
544 4326 689 4391 concedo
711 4325 775 4391 tibi
798 4345 859 4408 per
886 4330 966 4394 duos
991 4328 1062 4393 dies
1094 4329 1137 4392 ad
1160 4332 1309 4394 aratrum
1332 4331 1435 4408 tuum,
