3275 5009
291 344 344 396 142
673 302 676 310 ν
808 339 971 394 Sententiae

285 549 529 633 contractibus,
566 549 814 617 venditionibus
851 554 888 617 et
924 549 1145 631 emptionibus
1177 555 1213 614 et
1236 548 1485 634 consimilibus),

288 653 407 720 diurno
430 659 580 735 tempore
602 657 682 720 suut
699 653 853 720 habendi.
876 654 923 720 Et
938 653 1095 734 quicquid
1110 655 1150 720 fit
1164 652 1199 718 in
1214 652 1348 734 talibus,
1363 652 1485 720 delibe·
1581 712 1582 715 ,

287 757 420 840 ratione
443 756 649 839 praehabita,
673 757 715 822 ab
738 755 816 841 illis,
839 756 897 837 qui
918 776 1011 823 usum
1034 756 1177 823 rationis
1208 757 1345 840 habent,
1375 761 1486 823 ratum

285 865 343 928 est
377 861 586 926 servendum.
620 859 712 926 Dicit
746 860 833 926 enim
867 860 985 943 regula
1014 859 1113 943 jnris:
1153 861 1340 945 „Quicquid
1374 862 1484 928 calore
1582 918 1583 925 ,

285 965 484 1032 iracundiae
506 963 545 1028 fit
570 963 624 1030 vel
646 963 778 1046 dicitur,
801 982 868 1030 non
887 963 980 1046 prius
995 970 1107 1030 ratum
1122 969 1186 1046 est,
1202 983 1360 1044 quamex
1374 983 1486 1047 perse·
1582 940 1583 1003 ἕ

289 1069 444 1138 vorantia
467 1068 672 1152 apparuerit,
695 1067 817 1154 judicio
842 1068 943 1135 animi
966 1067 1100 1134 fuisses¹
1134 1069 1213 1135 Alia
1243 1070 1361 1153 regula
1387 1067 1486 1136 dicit:

291 1172 438 1255 „Omnia
469 1190 554 1252 quae
585 1171 687 1238 animi
717 1172 944 1239 destinatione
975 1174 1107 1256 agenda
1134 1178 1223 1257 sunt,
1252 1173 1384 1240 nonnisi
1405 1190 1488 1238 vera
1583 1236 1585 1263 Ι

286 1285 325 1345 et
358 1282 454 1343 certa
482 1276 627 1343 scicntia
657 1275 771 1357 perfioi
801 1278 972 1358 possunt.“
1007 1277 1048 1342 In
1078 1275 1339 1361 obligationibus
1368 1281 1489 1359 autem,
1583 1314 1584 1357 ι

288 1399 376 1462 quae
399 1399 441 1447 ex
464 1381 625 1448 maleficio
649 1386 844 1464 naseuntur,
872 1399 969 1448 secus
993 1388 1062 1461 esu
1086 1383 1175 1448 unde
1198 1380 1227 1446 si
1251 1381 1365 1449 ebrius
1387 1380 1488 1447 homi·
1583 1380 1584 1387 ’

287 1486 413 1552 cidium
435 1485 490 1553 vel
512 1483 636 1552 lurtum
660 1485 846 1569 committit,
868 1485 975 1568 ipsum
999 1486 1147 1552 ebrietas
1169 1504 1238 1553 nou
1260 1494 1408 1553 excusat.

393 1641 466 1709 325.
502 1640 548 1704 De
578 1641 793 1704 hereditatum
823 1643 1052 1727 resignatione.
1083 1641 1320 1708 Hereditatum
1349 1639 1486 1707 traditio

288 1744 395 1813 solum
416 1745 491 1812 fieri
514 1746 614 1812 debet
638 1763 748 1812 coram
768 1746 882 1831 judice
905 1751 940 1813 et
958 1747 1099 1830 juratis,
1122 1748 1210 1812 unde
1234 1747 1322 1826 quod
1338 1745 1486 1829 resigna·

288 1850 399 1917 tiones
432 1868 621 1918 mensarum
655 1868 776 1933 panum
811 1854 846 1916 et
879 1851 1092 1917 macellorum
1128 1849 1202 1916 fieri
1240 1853 1486 1916 consueverunt

287 1974 401 2021 coram
418 1953 591 2039 magistris
607 1954 768 2036 pistorum
782 1959 843 2019 aut
854 1954 1056 2037 carnificum,
1072 1956 1203 2035 quando
1219 1954 1253 2019 in
1269 1952 1402 2020 arechis
1418 1951 1488 2018 sive

287 2059 392 2126 sectis
417 2057 486 2126 suis
510 2076 546 2125 se
570 2063 787 2141 congregant,
810 2059 872 2124 hoc
896 2058 1020 2124 nnllam
1039 2057 1125 2140 juris
1143 2058 1273 2123 obtinet
1287 2058 1487 2124 firmitatem.
1585 2104 1586 2113 ι

289 2163 364 2229 Non
387 2163 531 2230 sortitur
553 2161 654 2228 etiam
678 2161 827 2244 vigorem
846 2162 942 2246 juria,
966 2163 1053 2241 quod
1077 2161 1251 2228 censuales
1274 2162 1310 2227 in
1330 2160 1487 2227 limitibus

285 2266 406 2351 judicii
429 2266 580 2333 civitatis
604 2267 802 2349 residentes
827 2284 899 2332 cum
923 2268 1075 2332 vendunt
1097 2267 1211 2332 domos
1230 2271 1265 2332 et
1281 2266 1486 2333 hereditates

288 2391 378 2456 suas,
401 2371 493 2454 ipsas
517 2390 626 2439 coram
651 2370 801 2454 dominis,
824 2371 945 2452 quibus
963 2374 1133 2453 consuant,
1148 2369 1341 2453 resignant;
1367 2367 1488 2436 suflicit

291 2477 388 2560 enim,
411 2478 498 2557 quod
522 2493 632 2542 coram
656 2474 786 2541 domino
817 2493 937 2542 census
968 2476 1028 2541 fiat
1058 2474 1263 2541 venditionis
1294 2472 1485 2556 publicatio,

288 2583 377 2662 quod
414 2578 602 2662 vulgariter
640 2579 762 2645 dicitur
804 2579 988 2662 ,vrkund“.
1026 2578 1226 2661 Resignatio
1263 2597 1354 2662 vero,
1392 2594 1486 2659 quarn

289 2683 512 2767 praescriptio
525 2681 686 2766 sequitur,
698 2689 751 2749 est
762 2688 895 2750 tantum
907 2701 1019 2750 eoram
1034 2686 1171 2750 actuato
1184 2680 1309 2764 jndicio
1324 2681 1484 2748 iacienda.

397 2839 471 2906 326.
495 2838 551 2902 Ad
572 2840 656 2903 idem
679 2860 774 2901 casua
790 2839 976 2905 intricatus.
1002 2838 1094 2924 „Ego
1110 2844 1229 2906 teneor
1243 2837 1307 2904 tibi
1322 2842 1359 2903 et
1376 2837 1480 2905 vendo

289 2946 420 3011 domum
442 2963 549 3010 meam
572 2942 721 3028 Nicolao,
743 2948 782 3010 ut
803 2943 861 3009 ille
884 2948 919 3009 te
942 2961 1066 3028 pagare
1090 2945 1213 3010 debeat
1234 2943 1307 3008 looo
1338 2942 1420 3023 mei3
1448 2944 1484 3004 tu
1587 2942 1588 3027 J

289 3066 370 3114 vero
394 3047 429 3114 in
452 3049 514 3114 hoo
537 3067 604 3114 non
628 3048 808 3116 consentis.
831 3047 942 3115 Medio
964 3053 1115 3128 tempore
1142 3066 1204 3131 ego
1227 3047 1423 3129 proficiscar
1444 3044 1484 3111 ad
1587 3038 1588 3107 Ξ

290 3156 406 3234 partes
429 3153 567 3237 alienas,
591 3159 626 3219 et
647 3151 806 3219 Nicolaus
830 3151 931 3218 alteri
955 3155 1092 3220 eandem
1114 3154 1242 3218 domum
1257 3169 1374 3234 meam,
1391 3167 1484 3232 qnam

288 3258 419 3322 duobus
442 3256 539 3324 annis
563 3256 825 3333 inhabitaverat,
849 3274 960 3324 coram
982 3260 1121 3322 actuato
1140 3255 1268 3340 judicio
1290 3253 1483 3340 resignavit.
1587 3278 1588 3285 ¹

290 3358 365 3444 Quo
399 3357 490 3426 tacto
524 3360 683 3428 Nicolaus
721 3360 811 3427 viam
850 3361 961 3426 carnis
999 3359 1173 3444 ingressus
1207 3363 1260 3425 est
1294 3359 1484 3437 nniversae;
1587 3414 1588 3427 ι

290 3463 416 3530 tertius
440 3483 529 3546 vero,
553 3483 626 3530 cum
646 3465 716 3548 jam
738 3482 825 3530 anno
849 3468 884 3530 et
907 3464 961 3531 die
984 3463 1085 3530 etiam
1112 3465 1241 3531 domum
1263 3461 1484 3530 inhabitasset
1587 3452 1588 3491 ³

289 3567 363 3634 sine
397 3567 605 3650 impetitione
640 3567 761 3650 aliqua,
794 3567 974 3649 superveni
1012 3586 1082 3652 ego,
1120 3567 1257 3634 tertium
1289 3567 1324 3634 in
1356 3582 1485 3634 causam
1587 3612 1588 3641 ,

290 3673 441 3756 trahens,
465 3691 538 3738 cum
560 3672 718 3739 Nicolaus
742 3672 927 3755 pecuniam,
943 3690 1003 3754 pro
1020 3691 1085 3752 qua
1101 3674 1231 3738 domum
1247 3690 1267 3736 a
1282 3690 1335 3738 me
1352 3672 1482 3750 emerat,
1587 3760 1588 3767 ἵ

289 3795 363 3842 cum
386 3777 449 3843 tibi
473 3794 545 3843 earn
568 3778 820 3859 deputaveram,
843 3794 908 3842 non
933 3778 1081 3854 dederat,
1105 3781 1140 3842 et
1162 3777 1251 3843 ultra
1273 3794 1397 3842 annum
1417 3790 1483 3841 cam
1587 3810 1588 3869 ,

290 3884 524 3963 occupaverat,
541 3887 576 3946 et
597 3898 763 3960 nunquam
781 3882 910 3947 domum
926 3879 1170 3962 praescriptam
1186 3879 1325 3947 Nicolao
1340 3878 1482 3964 legitime
1587 3916 1588 3923 ι

289 3983 543 4067 resignaverim,
572 4002 644 4050 oum
675 3989 805 4050 tantum
830 4003 850 4048 a
874 3987 1024 4066 tempore
1054 3983 1227 4068 legitimae
1249 3980 1481 4066 resignationis

266 4117 268 4126 ·
290 4088 513 4170 praescriptio
536 4106 598 4169 per
620 4107 734 4155 verum
757 4088 916 4156 heredem
932 4094 1063 4154 currat:
1088 4093 1200 4155 utrum
1215 4093 1250 4154 te
1267 4106 1333 4154 non
1349 4088 1482 4154 debeam
1587 4074 1588 4079 ’

287 4193 332 4257 de
355 4191 470 4259 valore
502 4191 696 4273 praedictae
728 4195 844 4259 domus
868 4191 1100 4273 principaliter
1122 4191 1326 4275 expedire?“
1352 4190 1482 4258 Tertius

289 4313 371 4361 vero
395 4295 656 4379 resignationem
680 4302 714 4365 et
734 4295 1042 4380 praescriptionem,
1058 4300 1096 4362 ut
1113 4296 1267 4379 superius
1282 4295 1483 4380 exprimitur,
1587 4348 1588 4381 ,
