3275 5009
320 327 371 379 154
387 385 389 390 ,
835 322 999 378 Sententiae

424 533 497 599 364.
520 533 569 596 De
584 531 786 596 hereditaria
795 532 951 615 portione
965 530 1152 598 dividenda.
1163 531 1274 599 Heres
1285 531 1508 614 emancipatus

320 657 394 705 cum
416 656 481 705 nou
517 631 735 718 emancipatis
770 638 900 718 partem
932 635 1057 702 habere
1090 635 1218 719 voleus,
1252 642 1392 719 partem,
1415 654 1505 717 quam

321 741 480 825 percepit,
513 740 696 806 insortam
728 745 881 820 reponat,
919 740 976 806 vel
1008 740 1043 806 iu
1074 759 1136 805 sua
1170 744 1270 823 parte
1303 741 1510 823 percipienda
1574 808 1576 844 Ι

320 846 534 929 defalcet,uel
543 844 723 926 quemlibet
733 844 932 910 coheredum
941 861 1006 908 nou
1019 843 1304 926 emancipatorum
1314 845 1506 912 tantumdem
1574 846 1576 905 t

319 956 400 1018 ante
423 943 618 1016 divisionem
642 948 761 1014 tollere
785 947 944 1029 patiatur.

428 1089 501 1156 365.
525 1088 575 1151 Da
597 1088 789 1153 hereditatis
806 1086 1052 1174 disbrr'patu‘oae.
1066 1086 1102 1153 Si
1117 1086 1274 1154 venditor
1289 1086 1511 1166 hereditatem,

320 1212 406 1276 quae
420 1192 587 1261 censualis
600 1196 663 1272 est,
686 1190 829 1273 emptori
851 1210 962 1258 coram
983 1191 1117 1278 judicio,
1147 1190 1296 1258 varitate
1322 1193 1430 1274 tacita,
1453 1208 1508 1271 pro

319 1299 426 1366 libera
452 1297 638 1382 tradiderit,
673 1296 824 1377 quamvis
848 1315 868 1360 a
892 1296 945 1362 dia
978 1295 1170 1362 traditionis
1204 1300 1240 1362 et
1274 1292 1506 1380 resignationis

320 1409 450 1483 tempus
475 1409 511 1468 et
531 1419 661 1480 anuum,
692 1401 778 1481 quod
812 1401 1110 1482 praescriptionem
1144 1401 1304 1484 continet,
1330 1397 1506 1466 effluxerit:

320 1505 532 1572 nihilominus
556 1506 585 1572 si
607 1511 725 1586 postea
749 1506 891 1587 emptori
915 1523 975 1588 per
998 1505 1162 1571 domiuum
1184 1523 1308 1571 census
1332 1501 1503 1571 aumtesti·

320 1609 427 1679 monio
443 1609 616 1675 literarum
628 1609 682 1674 vel
694 1609 843 1691 testium,
856 1610 974 1689 quibus
988 1609 1179 1677 necessario
1193 1609 1353 1693 creditur,
1365 1604 1510 1688 quaestio

321 1716 361 1779 de
385 1730 505 1779 census
528 1710 695 1778 solutione
717 1719 806 1778 mota
836 1711 948 1796 fuerit,
981 1713 1071 1779 illam
1105 1714 1269 1796 venditor,
1297 1710 1504 1793 completione
1575 1762 1576 1765 ,

320 1817 479 1898 temporis
502 1815 779 1898 praescriptionis
803 1820 1057 1901 nonobstante,
1081 1815 1151 1883 suis
1175 1817 1332 1897 expensis
1364 1822 1397 1882 et
1420 1815 1502 1880 labo·

312 1907 412 1990 ¹ribus
437 1921 644 2002 disbrigabit.
669 1921 804 1987 Veritas
828 1921 914 1986 euim
937 1920 1053 2004 tacita,
1087 1924 1152 2001 qua
1174 1920 1325 1987 fraudem
1348 1926 1382 1987 et
1404 1919 1503 1984 dolum

320 2025 481 2110 palliavit,
504 2023 630 2090 nullum
654 2025 782 2108 dejure
799 2025 1074 2107 praescriptionis
1092 2023 1313 2105 patrocinium
1329 2019 1500 2108 generabit

424 2166 497 2234 366.
531 2163 581 2226 De
615 2164 807 2228 hereditatis
838 2165 1037 2251 differentia.
1076 2165 1207 2246 Duplex
1242 2168 1295 2230 est
1328 2162 1504 2230 hereditas:

321 2271 492 2354 Quaedam
525 2272 654 2337 habens
688 2269 722 2335 in
745 2268 826 2335 villa
848 2269 903 2337 val
927 2269 1150 2336 extravillam
1167 2271 1296 2336 domum
1312 2269 1367 2334 vel
1382 2264 1503 2347 aliquod

321 2379 532 2461 commodum,
555 2377 589 2442 iu
613 2395 677 2457 quo
701 2377 875 2441 cousuevit
898 2378 1017 2441 subses
1047 2373 1265 2454 residentiam
1296 2374 1416 2440 habere
1438 2390 1504 2455 per·
1576 2362 1577 2429 l

315 2481 485 2562 'sonelem3
508 2477 575 2547 alia
598 2488 659 2558 est,
683 2498 768 2560 quae
791 2477 856 2544 tali
878 2479 972 2545 caret
995 2477 1170 2559 commodo,
1204 2479 1293 2545 sicut
1327 2482 1379 2544 ast
1410 2484 1506 2555 ortus,

278 2605 281 2610 ¹
321 2589 463 2668 pratum,
485 2583 705 2652 humularium
726 2584 783 2652 uel
803 2583 1011 2650 'consimilia
1044 2583 1142 2649 Modo
1177 2583 1206 2648 si
1238 2582 1499 2666 dominus-justa

321 2693 425 2756 causa
447 2695 556 2755 motus
589 2693 726 2756 mundat
756 2687 895 2772 primam
929 2687 1152 2754 hereditatem
1187 2705 1246 2769 per
1280 2686 1501 2768 emphiteotam

322 2813 382 2863 seu
405 2795 594 2861 censualem
629 2795 798 2860 subsidam
831 2794 933 2860 vendi
966 2793 1076 2876 alteri,
1108 2792 1215 2858 lucari
1248 2809 1288 2856 ac
1322 2809 1383 2873 per
1414 2789 1500 2856 alium

321 2898 496 2982 possideri,
520 2899 575 2979 qui
599 2900 820 2981 personaliter
843 2901 992 2966 resideat
1005 2898 1041 2965 iu
1056 2900 1181 2981 eadem,
1197 2903 1233 2963 at
1248 2898 1311 2964 hoc
1328 2896 1501 2962 mandatum

320 3010 419 3071 terna
441 3003 631 3088 monitione,
655 3022 792 3085 quarum
819 3004 989 3086 quaelibet
1023 3021 1083 3086 per
1117 3003 1190 3069 dies
1223 3002 1308 3069 XIV
1342 2999 1501 3069 continuos

322 3107 386 3174 sibi
409 3109 626 3175 scrccedentes
649 3107 718 3192 fiat,
741 3109 1027 3191 transgrediatur:
1050 3114 1131 3174 tunc
1152 3108 1326 3174 hereditas
1350 3112 1503 3184 tamquam
1577 3180 1578 3185 Ἰ

322 3230 381 3293 pro
405 3211 565 3278 derelicto
588 3213 705 3279 habita
728 3216 772 3279 ad
794 3213 959 3281 dominum
982 3213 1188 3281 devolvetur.
1577 3200 1578 3203 '

427 3317 609 3383 Hereditas
640 3336 721 3384 vero
752 3320 909 3402 secunda,
933 3339 1019 3401 quaa
1043 3338 1109 3386 non
1132 3319 1235 3386 habet
1258 3317 1406 3399 speciale
1431 3328 1502 3378 com·

323 3424 452 3487 modum
483 3421 548 3487 sibi
578 3441 637 3504 pro
671 3423 881 3490 habitatione
911 3424 1057 3490 subsidia
1081 3441 1256 3505 annexum,
1288 3422 1316 3487 si
1340 3414 1507 3489 tenemur

323 3526 412 3593 iufra
435 3519 542 3592 dictos
566 3537 637 3592 tres
660 3524 744 3592 XIV
767 3527 848 3611 dias,
872 3533 970 3617 terna
994 3527 1174 3599 monitione
1202 3525 1395 3608 praemissa,
1418 3517 1501 3591 uendi

324 3637 359 3699 et
382 3632 415 3697 iu
439 3632 539 3698 alium
562 3629 743 3696 transferri
765 3625 973 3715 negligatur:
996 3633 1039 3698 ad
1059 3627 1186 3698 *manus
1202 3630 1328 3699 domini
1350 3628 1504 3696 transiens

325 3740 525 3802 reuertatur.
547 3735 682 3802 lustum
706 3740 818 3802 tamen
835 3742 870 3802 et
885 3737 1065 3819 legitimum
1087 3735 1369 3818 impedimentum,
1384 3735 1504 3817 propter

326 3843 413 3922 quod
429 3840 585 3906 venditor
600 3845 780 3922 emptorem
792 3841 918 3908 habere
930 3861 994 3908 non
1007 3841 1126 3924 potuit,
1137 3840 1314 3906 terminum
1330 3833 1505 3906 monitionis

324 3945 513 4038 hujusmodi
535 3945 654 4012 merito
678 3945 881 4029 prorogabit.

527 4101 772 4184 Capitulum
796 4102 951 4168 XXXII:
974 4103 1036 4168 De
1059 4100 1324 4168 homicidiis.

430 4221 540 4309 aeae)
566 4224 613 4286 De
629 4225 802 4286 bomrcr'dio
820 4234 974 4307 quautam
987 4226 1031 4287 ad
1039 4223 1255 4307 fidejussores.
1275 4219 1505 4308 Quinquaginta

325 4326 466 4410 talenta,
491 4343 578 4407 qnae
601 4328 813 4395 nominantur
828 4327 1024 4409 frequenter
1035 4327 1068 4394 in
1080 4327 1219 4395 Juribns
1233 4327 1394 4411 civilibus
1406 4323 1504 4393 valent
