3275 5009
798 297 963 352 Sententiae

387 506 482 596 Item,
519 504 660 588 legitimi
693 505 753 572 filii
786 510 875 584 suut,
908 505 965 589 qui
996 523 1038 572 ex
1066 505 1225 589 legitimis
1255 503 1492 570 matrimoniis

283 615 513 692 procreantur,
550 609 622 674 sive
659 609 904 699 matrimonium
941 609 987 674 sit
1024 627 1138 675 verum
1171 610 1245 675 sive
1278 609 1494 690 putativum,

284 699 457 782 dummodo
486 713 726 807 contrahentes
756 713 889 795 publice
912 718 947 778 et
969 713 1188 794 solempniter
1217 713 1427 779 contrahant
1450 716 1487 778 et

101 817 102 824 ’
201 869 203 875 2
283 807 551 901 impedimentum
573 819 737 906 ignorent.
760 816 858 884 Unde
879 819 922 883 ad
946 818 1148 898 probandam
1179 817 1362 901 legitimam
1397 817 1484 885 filia
1582 816 1584 930 j

283 925 407 992 tionem
440 925 578 1006 prodest
611 921 775 988 confessio
809 928 996 1004 parentum,
1029 926 1119 1005 puta,
1152 922 1183 986 si
1214 927 1310 1004 sunt,
1348 923 1380 988 si
1407 940 1495 1004 non,
1582 931 1584 961 ι

283 1028 408 1097 sufficit
430 1030 473 1094 ad
496 1027 701 1110 probandum
725 1025 889 1092 confessio
909 1025 1091 1096 uicinorum
1107 1031 1142 1092 et
1158 1030 1309 1093 veterum
1325 1045 1484 1107 quorum-

284 1151 421 1214 cumque
455 1133 562 1198 bonae
592 1129 701 1197 iamne
732 1129 899 1197 hominum
930 1133 1067 1196 duorum
1098 1132 1335 1214 cujuscumque
1367 1149 1496 1212 serua,

284 1219 340 1320 qui
370 1239 533 1318 asserant,
564 1235 650 1313 quod
681 1237 839 1315 parentes
869 1232 968 1311 illius,
999 1234 1052 1299 cui
1082 1233 1247 1318 oincitur,
1279 1254 1418 1322 semper
1448 1252 1493 1300 se

284 1341 462 1410 habuerint
486 1345 521 1406 et
543 1337 776 1420 reputaverint
799 1335 949 1422 legitime
972 1340 1175 1423 conjugatos.

387 1443 483 1527 item,
511 1442 554 1509 si
571 1442 625 1509 vir
654 1441 714 1508 vel
735 1436 861 1530 mulier
877 1427 1021 1510 in'iacie
1043 1442 1206 1509 ecclesiae
1227 1441 1380 1526 legitime
1406 1461 1486 1508 con·

279 1549 400 1633 juncti,
434 1549 575 1614 credunt
597 1565 634 1612 se
657 1543 705 1611 ιι·
724 1565 804 1612 vero
837 1551 929 1612 stare
960 1536 1193 1631 matrimonio,
1210 1555 1245 1613 et
1277 1553 1392 1613 tamen
1417 1565 1484 1611 nou

239 1703 240 1706 ,
284 1655 386 1738 stant,
408 1655 608 1731 tandemque
631 1649 718 1716 forte
749 1651 949 1736 cognatione
981 1652 1108 1717 carnali
1138 1653 1193 1718 vel
1224 1651 1398 1733 spirituali
1429 1651 1485 1716 vel

283 1760 371 1844 justa
395 1776 497 1824 causa
518 1755 675 1837 iaciente,
698 1755 858 1821 canonice
880 1755 1081 1823 abinvicem
1099 1755 1341 1823 divortiautur:
1365 1771 1494 1822 omnes

272 1861 389 1945 pueri,
411 1879 493 1941 quos
524 1867 603 1926 aute
630 1859 754 1926 divort'
731 1866 811 1924 trum
843 1865 1040 1942 genuerunt
1070 1858 1198 1925 incluso
1228 1866 1264 1924 et
1293 1860 1359 1938 illo,
1383 1877 1483 1941 quem

283 1966 401 2032 mulier
423 1964 557 2030 habet
546 1982 583 2028 ιιι
599 1965 726 2056 utero,
723 1963 766 2028 si
785 1981 975 2046 praegnans
999 1963 1162 2029 diuortia
1148 1970 1183 2029 a
1205 1962 1318 2046 fuerit,
1334 1961 1483 2048 legitimi

284 2056 381 2138 aunt
375 2073 432 2136 ιι
460 2068 494 2133 in
530 2068 646 2134 bonis
655 2065 831 2157 pareutum
860 2066 1098 2133 hereditariam
1128 2068 1257 2133 habent
1284 2087 1345 2150 por
1347 2069 1485 2134 tionem

283 2173 406 2240 Fides
425 2171 520 2246 enim
558 2171 630 2252 qua
667 2176 787 2252 parent
789 2189 825 2236 es
864 2171 1080 2237 crediderunt
1066 2176 1154 2237 tse
1191 2170 1287 2237 simul
1325 2173 1484 2239 habitare

284 2278 441 2360 legitime,
470 2276 621 2356 quamvis
651 2269 849 2360 ignoranter
876 2270 1107 2342 habitauerint
1136 2275 1319 2360 illegitime,
1359 2292 1484 2359 pueros

284 2381 467 2465 legitimat3
491 2382 579 2446 unde
601 2379 794 2464 ignorantia
816 2379 852 2444 in
875 2380 936 2445 hoc
961 2398 1041 2445 casu
1064 2378 1237 2460 peccatum
1252 2387 1411 2447 ‘excusat

298 2542 301 2553 '
371 2536 461 2600 2349.
488 2534 602 2598 Utrum
623 2537 722 2619 pueri
744 2535 964 2621 intempestive
982 2534 1057 2596 muti
1067 2535 1302 2624 bereditarium
1313 2557 1388 2598 ,cum
1405 2534 1484 2597 aliis

281 2639 397 2725 porteris
409 2624 859 2723 aaueaacporuoaeanicet
867 2635 945 2720 jnra
958 2638 1171 2717 quarumdam
1184 2639 1354 2722 regionum
1366 2639 1490 2720 velint,

273 2760 356 2810 Ιιιιιιι
391 2745 488 2826 uirgo
522 2742 754 2826 impraegnata
787 2761 849 2824 per
882 2741 1045 2819 XXXIX,
1080 2741 1198 2809 mulier
1230 2761 1311 2810 uero
1342 2744 1483 2826 imprae-

285 2853 387 2932 gnata
404 2866 464 2930 per
480 2847 549 2914 -XL
573 2853 703 2912 tantum
726 2847 780 2914 vel
803 2848 846 2912 ad
870 2847 944 2928 plus
967 2865 1032 2911 una
1056 2846 1274 2928 superaddita
1294 2849 1483 2929 septimana

285 2970 406 3036 pueros
428 2951 464 3016 in
486 2959 524 3016 ut
527 2951 592 3018 eris
616 2953 795 3017 secundum
817 2956 971 3016 naturam
995 2955 1130 3031 portare
1160 2954 1316 3037 debeant,
1345 2952 1375 3018 si
1398 2967 1489 3034 puer

275 3049 356 3124 'nou
373 3044 536 3156 completo
552 3055 618 3121 isto
635 3059 793 3138 tempore,
809 3072 855 3120 sc
869 3061 999 3121 mature
1015 3055 1070 3121 vel
1087 3058 1172 3137 post,
1188 3059 1276 3135 quod
1291 3056 1442 3139 vulgarit
1445 3071 1489 3118 er·

286 3161 410 3228 dicitur
433 3179 527 3260 „cau
560 3146 637 3256 spat
670 3159 744 3225 odir
777 3177 838 3223 czu
871 3141 977 3244 frue“,
1015 3163 1117 3224 natus
1148 3159 1262 3242 fuerit,
1297 3162 1478 3242 portionem

285 3255 522 3333 hereditariam
546 3281 610 3329 uon
632 3247 787 3358 babebit:
759 3265 955 3328 ttamen'
941 3268 1031 3347 Just
1017 3264 1085 3328 tale
1109 3251 1288 3329 secuudum
1305 3272 1486 3330 consuetu·-

287 3369 395 3435 dinem
426 3361 484 3435 ab
499 3366 648 3446 antiquo
668 3353 838 3432 servatam
869 3367 1071 3447 corruptela
1089 3372 1142 3432 est
1170 3367 1300 3448 potius
1307 3367 1485 3443 censenda,

279 3492 384 3552 ‘quam
403 3474 475 3555 jus3
501 3472 586 3536 unde
611 3488 693 3550 puer
716 3487 757 3535 cx
780 3468 979 3551 parentibus
1002 3469 1152 3549 legitime
1180 3471 1379 3554 conJ'ugatiS,
1409 3471 1486 3536 sive·

286 3595 381 3642 manc
405 3576 478 3643 sive
501 3575 597 3638 tarde
629 3579 834 3656 procreatus,
868 3573 1020 3653 portione
1043 3573 1151 3654 ipsum
1175 3574 1383 3642 hereditarie
1406 3592 1476 3642 con-

286 3681 439 3762 tingente
455 3697 520 3744 uon
534 3677 676 3743 carebit.
699 3677 779 3744 Cum
802 3677 889 3756 enim
912 3677 1004 3758 prius
1027 3679 1081 3745 vel
1105 3678 1274 3759 posterius
1301 3680 1395 3744 nasci
1416 3693 1484 3744 non.

288 3789 356 3850 stet
378 3801 438 3865 per
459 3801 541 3863 eum,
558 3779 835 3846 inconvenienter
850 3782 913 3846 hoc
930 3798 988 3846 suo
1002 3783 1079 3865 jure
1095 3785 1135 3849 de
1151 3783 1265 3848 debito
1282 3783 1475 3864 privaretur.

391 3947 465 4010 350.
478 3945 528 4010 De
544 3945 740 4009 successione
755 3945 957 4010 hereditaria
966 3966 1147 4029 puerorum
1159 3945 1349 4029 infantiam.
1362 3946 1482 4014 Mulier

286 4049 493 4143 hereditaria
517 4068 537 4116 a
559 4048 828 4132 progenitoribus
852 4050 896 4115 ad
918 4068 955 4115 se
979 4051 1137 4117 devoluta
1153 4049 1327 4131 possidens
1343 4053 1435 4133 bona,
1449 4044 1479 4113 si.

280 4155 328 4224 'de
352 4156 426 4240 viri,
449 4171 545 4241 quem
568 4154 716 4237 legitime
741 4155 882 4238 duxerit,
904 4155 1030 4221 semine
1051 4173 1199 4237 puerum,
1221 4154 1255 4218 iu
1272 4156 1479 4238 cujuspartu

287 4261 458 4345 moriatur,
482 4258 651 4343 genuerit:
674 4275 758 4340 puer
781 4258 846 4335 ille,
869 4258 899 4324 si
922 4264 1015 4325 tanto
1047 4265 1195 4339 tempore
1226 4258 1360 4338 vixerit,
1393 4255 1479 4338 quod
