3275 5009
817 357 981 438 Sententiae

408 568 479 628 722.
513 566 563 628 Dc
585 564 772 629 vulneribus
796 573 827 628 et
849 566 1128 650 ambulationibus
1151 567 1363 631 membrorum
1386 579 1488 631 utram

302 680 473 732 accusatas
493 672 603 754 pressit
628 673 792 734 ostendere
823 672 1038 761 innocentiam
1067 693 1159 734 cuam
1187 693 1250 756 per
1263 675 1428 757 juratam.
1458 674 1490 742 Si

301 793 379 840 reus
412 776 593 842 secundum
620 773 674 856 jus
706 775 805 840 civile
838 773 1011 857 impetitus
1043 775 1147 843 inerit
1178 795 1239 857 per
1270 780 1421 844 actorem
1453 781 1490 844 de

301 878 495 946 vulneribus
533 879 586 943 vel
624 880 841 944 membrorum
879 880 1171 962 amputationibus
1209 898 1276 946 non
1313 887 1429 964 potest
1458 901 1491 948 se

302 1001 490 1065 expurgare
513 999 573 1063 per
595 982 702 1048 solum
722 983 878 1064 juratum,
901 982 966 1048 nisi
988 981 1072 1047 alios
1095 988 1203 1049 testes
1228 986 1351 1050 babeat
1373 1005 1491 1068 secum,

302 1086 390 1152 sicut
423 1085 447 1150 J
450 1105 509 1150 ura
544 1085 728 1168 Originalia
762 1085 895 1166 dicunt,
925 1087 955 1152 si
987 1094 1098 1153 autem
1130 1096 1226 1154 actor
1257 1107 1319 1170 per
1346 1088 1492 1170 juratum

301 1191 436 1258 vincere
459 1192 533 1256 vult
554 1209 655 1274 reum,
671 1199 750 1256 tunc
766 1210 845 1258 reus
860 1192 977 1257 melius
994 1192 1194 1275 expurgabit
1210 1211 1247 1258 se
1263 1211 1324 1273 per
1335 1191 1492 1275 juratum

406 1331 477 1394 723.
509 1329 558 1390 Dc
580 1329 769 1392 ortlocrc'das
797 1331 895 1393 dictis
930 1331 1223 1415 ,schematismos
1257 1330 1322 1396 Pro
1355 1333 1492 1399 vulnere

300 1437 473 1515 pudoroso,
498 1433 684 1516 vulgariter
708 1432 797 1499 dicto
824 1434 1131 1516 „schamwnnden“,
1163 1438 1238 1514 post
1268 1434 1364 1516 cujus
1398 1456 1492 1502 sana-

299 1539 423 1604 tionem
446 1538 480 1602 in
498 1537 585 1604 facie
602 1536 743 1602 hominis
760 1543 903 1618 apparet
918 1538 1048 1602 macula
1064 1536 1253 1603 indelebilis
1270 1540 1326 1604 vel
1343 1541 1492 1623 cicatrirr,

299 1660 384 1720 quae
409 1641 554 1708 crinibus
578 1659 643 1707 non
667 1641 803 1724 tegitur,
823 1647 1002 1708 accusatus
1018 1642 1218 1724 expurgabit
1234 1661 1271 1708 se
1286 1643 1492 1723 metquintus

298 1746 519 1828 probabilium
551 1745 714 1826 virorum3
745 1745 847 1811 habet
870 1747 957 1810 enim
979 1744 1047 1812 tale
1072 1746 1193 1812 vulnus
1214 1747 1298 1812 illud
1318 1751 1386 1832 jus
1409 1752 1493 1829 quod

297 1851 458 1918 scribitur
491 1850 525 1914 in
558 1849 699 1915 duribus
733 1849 977 1932 originalibus:
1015 1849 1128 1931 ,ltem,
1159 1850 1360 1930 quicumque
1396 1853 1494 1918 alteri

297 1953 523 2035 amputaverit
546 1953 685 2035 digitum
709 1956 826 2019 unum“
853 1960 915 2019 etc.

388 2095 475 2157 Ι724.
507 2091 696 2154 Volnerutccs
725 2091 894 2153 ambulans
918 2100 947 2154 et
970 2094 1099 2155 tandem
1130 2094 1269 2155 moriens
1299 2115 1365 2155 ooo
1390 2117 1491 2156 eormr-

299 2198 398 2258 <lator
421 2206 457 2258 ot
480 2198 610 2258 occisus.
635 2196 845 2262 Consuetudo
870 2196 978 2262 civilis
1002 2200 1117 2262 servat
1140 2215 1199 2278 pro
1211 2199 1301 2280 jure:
1326 2197 1363 2262 Si
1380 2199 1494 2264 vulne·

297 2307 392 2366 ratus
416 2319 477 2381 per
499 2299 629 2380 plateas
653 2305 688 2364 et
710 2300 872 2366 ecclesias
895 2319 985 2366 more
1009 2302 1084 2365 sani
1107 2301 1247 2366 hominis
1276 2302 1350 2368 sine
1375 2304 1492 2368 baculo

297 2423 357 2485 per
391 2404 562 2470 scabinum
596 2404 686 2468 visus
710 2403 813 2468 luerit
837 2405 1016 2486 ambulare,
1048 2407 1246 2485 tandemque
1277 2413 1359 2473 ante
1384 2408 1490 2486 queri-

296 2509 437 2576 moniam
460 2508 605 2590 eJusdem
622 2506 867 2573 vulnerationis
878 2508 1094 2591 justitialiter
1115 2509 1297 2575 discussam
1315 2512 1490 2577 moriatur:

296 2631 372 2678 reus
397 2630 461 2678 non
484 2631 543 2692 pro
567 2611 751 2690 homicidio,
781 2614 840 2677 sed
863 2618 995 2678 tantum
1018 2633 1077 2694 pro
1102 2615 1239 2680 vulnere
1262 2617 1489 2696 respondebit.

402 2753 473 2814 725.
493 2751 542 2812 Dc
560 2748 692 2828 oollca'st,
713 2751 916 2832 quodfltper
932 2773 1012 2832 opas
1029 2774 1084 2814 acu
1101 2751 1278 2815 concilium.
1297 2754 1490 2835 „Volleist“‚

296 2858 383 2935 quod
406 2861 459 2920 est
481 2873 615 2936 operam
639 2857 719 2920 dare
751 2856 805 2921 vel
829 2853 1001 2921 consilium
1033 2859 1202 2939 praebere,
1234 2876 1300 2923 non
1333 2858 1486 2938 seqnitur

295 2961 405 3026 omnia
417 2962 563 3042 vulnera,
575 2962 635 3024 sed
646 2963 777 3024 tantum
791 2959 966 3025 homicidia
979 2961 1033 3026 vel
1045 2962 1237 3026 invasiones
1254 2965 1381 3041 domus,
1398 2963 1488 3028 furta

296 3070 329 3130 et
347 3064 452 3144 spolia
476 3070 510 3129 et
535 3063 816 3146 mortificationes,
840 3073 875 3128 et
899 3064 964 3128 alia
988 3064 1113 3130 delicta
1135 3065 1254 3148 gravia
1279 3065 1356 3131 istis
1382 3067 1486 3133 consi-

295 3167 392 3232 milia.
420 3168 465 3232 Et
489 3169 588 3233 debet
617 3187 691 3232 reus
716 3187 774 3248 pro
799 3169 933 3234 volleist
955 3168 1043 3233 inira
1067 3169 1212 3234 triduum
1237 3172 1403 3252 accusari,
1427 3172 1490 3235 nisi

294 3272 563 3352 impedimentum
586 3271 768 3353 legitimum
793 3270 896 3357 (sicut
918 3273 1072 3352 loquendi
1097 3275 1295 3353 impotentia
1311 3277 1367 3340 vel
1384 3275 1488 3340 consi·

294 3374 385 3460 mile)
410 3376 642 3456 intervenerit,
667 3394 725 3440 sen
749 3377 949 3456 protestatio
972 3382 1041 3441 tam
1060 3377 1271 3443 rationabilis
1287 3378 1489 3459 interposita

293 3479 404 3561 fuerit,
428 3487 565 3559 propter
589 3499 685 3558 quarn
708 3481 871 3546 terminus
894 3481 975 3548 dicti
999 3481 1101 3546 tridui
1123 3481 1242 3547 merito
1267 3484 1391 3549 debeat
1415 3501 1485 3564 pro·

294 3585 433 3668 longari.
457 3584 498 3648 lt.
523 3583 663 3666 Quidam
679 3586 926 3668 quaesiverunt,
942 3598 1052 3650 utrum
1068 3605 1146 3652 reus
1164 3605 1222 3667 pro
1239 3587 1386 3669 vollaist,
1402 3588 1486 3666 qnod

294 3688 475 3768 imponitur
499 3687 563 3750 sibi
589 3706 645 3766 pro
669 3687 843 3753 homicidio
866 3690 899 3752 in
923 3708 1066 3769 persona
1090 3692 1262 3773 cujusdam
1286 3691 1431 3771 hospitis
1454 3691 1486 3754 in

295 3795 389 3857 domo
414 3811 473 3857 sua
496 3792 639 3872 propria,
661 3793 769 3856 noctis
793 3797 951 3874 tempore,
987 3793 1112 3858 familia
1144 3812 1205 3859 sua
1236 3796 1422 3860 dormiente
1452 3800 1486 3860 et

292 3897 370 3979 igne
388 3895 552 3977 concluso,
568 3900 771 3976 perpetrato,
788 3897 924 3980 gravius
942 3903 976 3963 et
988 3917 1048 3979 per
1064 3900 1175 3980 plures
1193 3902 1315 3965 debeat
1331 3902 1482 3976 evadere,

293 4018 389 4078 quam
414 4018 473 4080 pro
499 4017 598 4079 opera
621 3998 787 4064 homicidii
803 4002 837 4065 in
853 4001 924 4066 foro
941 4003 995 4068 vel
1012 4001 1133 4086 platea,
1149 4009 1299 4083 tempore
1316 4002 1383 4069 diei
1399 4022 1483 4068 com-

293 4104 406 4168 missi?
420 4103 484 4186 Qui
496 4105 545 4169 sic
559 4110 636 4169 sunt
649 4104 885 4188 informati,
898 4111 983 4186 quod
996 4126 1061 4174 non
1075 4108 1286 4174 obstantibus
1301 4105 1482 4188 praedictis

293 4207 565 4288 circumstantiis,
595 4228 680 4287 quae
710 4209 865 4275 fortassis
895 4212 1019 4277 factum
1053 4211 1237 4293 principale
1271 4213 1302 4276 h.
1326 4231 1355 4278 e.
1378 4213 1479 4293 ipsum

292 4311 510 4394 homicidium,
523 4314 549 4377 si
561 4313 596 4378 in
609 4313 814 4393 querimonia
826 4314 954 4381 invasio
969 4319 1084 4382 domus
1101 4317 1121 4380 i.
1134 4335 1161 4383 e.
1182 4317 1480 4399 „haymsnchung“,
