3275 5009
682 350 850 404 Brunenses.

362 559 609 642 Capitulum
632 558 765 626 XXIV:
796 559 855 627 De
887 560 1161 643 emphiteosi.

267 719 340 785 285.Ι
377 718 427 782 De
461 725 627 782 contractu
657 717 891 801 emphiteotico.
932 716 1162 800 Emphiteosis
1192 717 1364 800 propriam

148 820 264 888 babet
314 827 507 890 contractus
552 827 718 906 naturam,
761 839 869 903 neque
914 824 958 888 ad
999 821 1208 901 locationem,
1253 839 1361 903 nequo

147 927 198 990 ad
247 926 473 994 venditionem
522 925 745 1005 inclinantem,
798 929 859 994 sed
907 927 978 994 suis
1030 926 1242 1009 pactionibus
1297 927 1362 994 ful·

149 1030 322 1097 ciendam.
344 1031 385 1098 In
408 1030 606 1112 emphiteosi
628 1031 657 1096 si
680 1031 806 1111 aliquid
828 1036 962 1114 pactum
984 1031 1098 1114 luerit,
1117 1031 1181 1098 boc
1196 1030 1246 1099 ita
1260 1033 1362 1115 valet,

148 1151 195 1200 ac
233 1135 265 1217 si
296 1133 461 1200 naturalis
485 1123 581 1200 'esset
613 1139 816 1202 contractus.
847 1136 888 1202 In
919 1134 1118 1218 emphiteosi
1148 1136 1178 1202 ai
1207 1136 1291 1205 nihil
1321 1138 1362 1204 de

154 1238 313 1320 periculo
336 1238 386 1306 rei
408 1237 512 1304 fuerit
537 1243 680 1322 pactum,
710 1243 791 1306 tunc
815 1240 846 1306 si
868 1241 973 1307 totius
995 1241 1047 1307 rei
1068 1240 1227 1307 interitus
1250 1259 1362 1308 acces·

153 1343 255 1427 serit,
280 1345 324 1410 ad
347 1342 512 1420 dominum
534 1342 737 1410 redundabit
767 1345 968 1426 periculum,
999 1345 1059 1412 sed
1083 1345 1112 1410 si
1135 1344 1361 1426 particularis,

148 1448 293 1516 scilicet
331 1447 523 1516 medietatis
556 1447 612 1513 vel
649 1448 766 1528 minus,
808 1451 853 1516 ad
894 1450 1133 1532 emphiteotam
1177 1449 1364 1535 hujusmodi
1441 1490 1444 1497 =

150 1553 340 1635 dampnum
363 1551 556 1636 pertinebit.
580 1551 830 1635 Empbitbeosis
854 1553 1081 1636 graecolatine
1105 1553 1227 1621 dicitur
1252 1554 1366 1636 „meli”

150 1657 302 1742 oratio“,
325 1658 402 1739 quia
425 1657 501 1724 olim
524 1663 655 1724 tantum
678 1657 760 1726 vilia
783 1658 953 1725 dabantur
974 1658 1009 1724 in
1025 1657 1303 1741 emphiteotesim,
1325 1661 1364 1723 nt
1407 1701 1410 1706 -

152 1761 428 1829 meliorarentur.
452 1761 578 1847 (283a)

266 1919 339 1982 286.
360 1917 411 1981 De
426 1927 548 1980 cutura
564 1917 785 2002 emphiteotr'ci
799 1924 992 1980 contractus.
1017 1917 1091 1984 Duo
1108 1917 1364 1984 non-naturalia

152 2018 233 2087 sive
266 2020 374 2088 tacita
405 2025 505 2104 pacta
535 2026 613 2087 sunt
644 2021 679 2086 in
709 2021 770 2088 hoc
801 2022 987 2103 contractu,
1020 2020 1089 2086 scil.
1119 2021 1153 2087 in
1176 2019 1363 2104 dejiciendo

152 2122 409 2204 emphiteotam‚
444 2125 474 2191 si
508 2144 572 2191 non
607 2124 747 2193 solverit
781 2143 843 2207 per
875 2123 1056 2190 triennium
1090 2124 1290 2207 pensionem,
1326 2128 1362 2191 et

160 2231 356 2312 secundum,
387 2229 415 2294 si
446 2229 530 2297 velit
560 2229 765 2310 emphiteota
796 2230 953 2313 vendere,
983 2229 1070 2308 quod
1098 2228 1203 2311 primo
1233 2227 1363 2295 domino

151 2332 364 2398 denuntiare
400 2335 508 2401 debet.
548 2331 764 2412 Emphiteota
797 2331 881 2399 utile
915 2333 1103 2418 dominium,
1136 2335 1224 2413 qnod
1257 2331 1364 2398 solum

155 2435 275 2520 babet,
306 2436 496 2504 transferre
530 2443 644 2517 potest
678 2435 713 2501 in
747 2435 857 2520 alium,
888 2437 967 2517 quia
996 2437 1046 2504 rei
1076 2437 1235 2505 venditae
1266 2435 1363 2502 utilis

155 2541 252 2607 actio
276 2540 341 2606 sibi
363 2543 473 2607 datur.
499 2539 626 2626 (asab)

271 2695 383 2782 acta)
421 2695 472 2758 Dc
506 2695 694 2781 differentia
725 2695 943 2778 emphiteosis.
984 2696 1211 2779 Emphiteosis
1252 2693 1366 2762 differt

155 2817 179 2865 a
193 2799 380 2868 locatione:
404 2800 525 2884 Primo,
548 2799 627 2880 quia
649 2799 703 2866 hic
727 2805 762 2866 et
785 2799 820 2865 in
845 2801 988 2883 pecunia
1011 2805 1050 2867 et
1064 2800 1164 2868 etiam
1191 2801 1227 2865 in
1250 2798 1364 2882 specie

158 2909 356 2984 praestatur
371 2903 497 2987 pensio,
514 2905 573 2972 sed
589 2905 625 2970 in
640 2905 809 2972 locatione
828 2910 961 2972 tantum
976 2906 1012 2971 in
1027 2905 1179 2988 pecunia.
1199 2904 1364 2986 Secundo,

156 3009 240 3088 quia
261 3008 328 3075 iste
351 3007 503 3092 possidet
526 3008 730 3074 naturaliter
753 3007 842 3076 sicut
865 3008 1083 3092 fructuarius,
1103 3011 1164 3075 sed
1179 3010 1363 3075 conductor

159 3129 235 3180 non.
260 3113 385 3195 Tertio,
409 3111 487 3192 quia
512 3112 717 3196 emphiteota
739 3113 846 3180 babet
868 3113 1045 3180 dominium
1074 3113 1168 3196 utile,
1197 3115 1259 3179 sed
1289 3131 1365 3180 con·

158 3216 283 3282 ductor
296 3235 370 3283 nen.
396 3215 535 3300 Quarto,
558 3216 636 3295 quia
653 3221 850 3284 contractus
868 3216 1125 3299 emphiteoticus
1148 3219 1187 3284 fit
1203 3217 1238 3285 in
1253 3218 1364 3284 immo-

160 3319 284 3387 bilibus
322 3323 462 3403 tantum,
500 3322 560 3386 sed
593 3319 651 3385 ille
684 3322 786 3388 etiam
820 3321 856 3388 in
890 3320 1075 3388 mobilibus,
1114 3319 1250 3405 Quinto,
1287 3320 1366 3401 quia

159 3424 339 3492 conductio
373 3427 425 3492 est
456 3426 652 3491 contractus
672 3423 759 3506 juris
790 3424 913 3508 civilis,
943 3426 1004 3492 sed
1035 3425 1251 3507 emphiteosis
1278 3424 1365 3509 juria

162 3528 335 3613 naturalis,
369 3528 403 3593 id
438 3532 491 3594 est
521 3527 608 3613 juris
642 3529 801 3613 gentium,
837 3531 923 3609 quod
961 3529 1108 3595 naturali
1146 3530 1278 3596 ratione
1313 3531 1366 3596 est
1498 3515 1502 3519 ’

160 3631 341 3700 inductum.
375 3631 486 3714 Sexto,
519 3632 596 3713 qnia
629 3631 804 3700 conductio
840 3635 879 3700 fit
910 3633 945 3698 in
977 3633 1156 3717 scriptura,
1187 3634 1248 3700 sed
1278 3633 1367 3703 alter

162 3740 357 3803 contractus
381 3753 456 3803 non.
480 3736 575 3818 Item,
601 3737 817 3818 emphiteosis
834 3736 947 3802 differt
964 3756 983 3803 a
1000 3727 1203 3820 venffitione,
1219 3737 1297 3818 quia
1312 3737 1367 3825 hic

165 3843 359 3920 praestatur
381 3841 507 3921 pensio,
530 3840 590 3906 sed
619 3839 653 3905 in
676 3841 870 3908 venditione
893 3859 949 3908 res
971 3842 1077 3908 libere
1093 3840 1227 3908 transit.
1250 3843 1303 3924 It,
1323 3844 1365 3909 ab

165 3943 227 4013 bac
260 3943 439 4028 receditur,
472 3945 534 4010 sed
567 3947 608 4010 ab
645 3945 843 4028 emphiteosi
866 3964 940 4013 non.
974 3946 1026 4030 It,
1049 3946 1104 4014 hic
1128 3947 1212 4016 utile
1240 3946 1365 4014 transit

163 4048 351 4128 dominium,
372 4047 421 4114 ibi
444 4047 608 4114 directum
632 4067 694 4130 per
715 4049 939 4118 traditionem.
963 4051 1088 4137 (abac)

267 4204 378 4292 287.b)
424 4203 575 4279 Qualiter
617 4207 824 4290 emphiteosis
865 4205 982 4269 habeat
1010 4207 1092 4289 ficri
1128 4230 1184 4272 ceu
1221 4207 1365 4292 disponi.

164 4307 392 4393 Emphiteosis
414 4309 461 4394 fit,
485 4312 614 4390 quando
638 4309 777 4392 praedia
798 4315 964 4394 perpetuo
994 4311 1192 4391 quibusdam
1223 4310 1366 4380 fruenda

1225 4434 1261 4489 s*
1307 4476 1310 4484 .
