3275 5009
281 346 333 400 252
798 344 963 398 Sententiae

282 550 434 635 rejicitur
457 552 604 636 dejure,
635 551 786 634 exceptis
816 554 959 630 casibus,
989 551 1023 618 in
1052 553 1174 633 quibus
1206 555 1324 618 mulier
1354 551 1476 618 testari

282 661 395 739 potest
419 655 517 740 (quos
540 674 664 738 quaere
688 656 843 737 superius
865 657 965 722 titulo
991 656 1072 738 ,De
1093 655 1401 742 mulieribus“.)

386 760 433 826 Et
455 760 683 828 testimonium
702 761 847 844 juvenis
870 779 975 826 annos
999 759 1212 827 discretionis
1232 779 1299 827 non
1314 761 1478 837 habentis,

280 867 371 933 sicut
401 864 577 948 masculus
606 863 661 944 qui
691 881 796 930 annos
828 865 1078 944 quatuordecim
1107 863 1255 949 (XVllI)
1279 874 1316 930 et
1338 864 1477 945 femella,
1585 918 1586 933 ,

280 988 367 1051 quae
389 987 495 1036 annos
530 968 701 1035 duodecim
736 967 849 1054 (XVI)
884 987 949 1034 non
983 967 1172 1050 complevit,
1207 974 1241 1034 et
1267 969 1391 1035 furiosi
1422 985 1477 1032 sen

278 1073 454 1155 insensati,
478 1079 513 1140 et
536 1075 636 1156 coeci,
659 1073 716 1140 ubi
740 1074 929 1139 testandum
954 1077 1009 1138 est
1031 1074 1073 1138 de
1096 1072 1190 1154 visis,
1224 1079 1261 1139 et
1290 1074 1394 1154 surdi,
1424 1071 1477 1138 ubi

279 1180 473 1246 testandum
495 1185 549 1245 est
572 1178 613 1243 de
636 1175 771 1259 auditis,
795 1180 831 1242 et
854 1175 945 1253 muti,
968 1176 1024 1242 ubi
1047 1177 1276 1243 testimonium
1288 1177 1477 1258 juramento

279 1282 390 1351 vocali
413 1289 467 1348 est
490 1282 695 1364 firmandum,
719 1287 755 1346 et
776 1280 918 1346 maxime
941 1279 1169 1346 testimonium
1185 1279 1377 1360 infidelium,
1393 1280 1477 1346 siout

279 1386 450 1464 haeretici,
474 1386 638 1466 saraceni,
657 1383 781 1468 judaei,
804 1385 839 1449 in
862 1383 1013 1450 omnibus
1036 1383 1179 1467 casibus,
1196 1404 1268 1452 cum
1285 1386 1361 1451 finis
1385 1385 1476 1450 testi·

278 1492 387 1558 monio
411 1490 456 1556 sit
480 1491 576 1556 iidem
598 1488 720 1570 lacere,
755 1495 790 1554 et
812 1488 949 1569 insuper
972 1489 1197 1554 testimonium
1223 1489 1357 1572 perjuri,
1393 1489 1477 1554 sicut
1586 1480 1587 1489 ’

279 1615 309 1664 v.
333 1614 382 1678 gr.
404 1594 433 1660 si
456 1593 577 1673 aliquis
601 1591 694 1674 prius
723 1609 833 1657 coram
860 1592 986 1676 judicio
1010 1595 1052 1658 de
1075 1592 1160 1659 falso
1190 1594 1382 1659 testimonio
1413 1593 1475 1658 luit

279 1699 454 1767 convietus
478 1715 538 1778 per
560 1704 699 1777 partem,
727 1699 847 1760 contre
876 1715 971 1775 quam
1004 1697 1209 1780 producitur,
1238 1705 1275 1762 et
1305 1697 1475 1777 potissime

202 1824 205 1829 ·
277 1804 313 1870 in
336 1820 438 1870 causa
462 1801 633 1882 criminali,
656 1799 809 1883 rejicitur
832 1801 904 1882 ipso
923 1799 1009 1883 jure.
1042 1801 1252 1868 intestibus
1278 1821 1359 1884 ergo
1383 1803 1474 1882 fider,

277 1908 436 1993 dignitas,
471 1924 550 1982 mos,
584 1904 738 1988 gravitas
773 1905 995 1971 examinanda
1025 1911 1085 1970 est.
1116 1906 1162 1971 Et
1192 1905 1257 1970 imo
1280 1910 1398 1987 testes,
1421 1904 1475 1985 qui

276 2015 442 2080 adversus
466 2010 563 2076 fidem
588 2027 669 2075 suae
694 2008 885 2074 testationis
909 2008 1079 2089 vacillant,
1107 2010 1265 2075 audiendi
1295 2029 1359 2076 non
1391 2013 1473 2075 sunt.

278 2116 428 2184 Tertium
453 2114 537 2181 fides
560 2113 741 2196 diiigenter
769 2113 989 2180 examinanda
1019 2120 1082 2195 est,
1113 2114 1252 2194 ideoque
1276 2114 1310 2179 in
1332 2132 1474 2195 persona

277 2240 390 2288 eorum
414 2219 620 2302 exploranda
643 2216 709 2282 erit
732 2216 892 2298 imprimis
916 2217 1063 2283 conditio
1087 2217 1257 2300 cujusque,
1273 2223 1386 2283 utrum
1403 2217 1472 2298 quis

280 2325 415 2392 decurio
439 2324 492 2402 sit,
516 2341 560 2389 an
585 2319 744 2405 plebeius,
767 2325 827 2386 aut
849 2340 892 2387 an
915 2322 1075 2388 honestae
1100 2330 1135 2387 et
1160 2322 1353 2404 inculpatae
1376 2324 1474 2403 vitae,

278 2448 322 2496 an
346 2433 481 2495 notatus
506 2428 578 2508 quis
603 2434 638 2492 et
662 2425 938 2508 reprehensibilis
961 2427 1016 2503 sit,
1039 2445 1082 2492 an
1105 2426 1253 2507 locuples
1278 2426 1470 2510 relegemus

277 2534 332 2615 sit,
356 2534 411 2600 vel
432 2532 518 2598 lucri
541 2549 643 2596 causa
665 2529 765 2596 facile
790 2530 867 2609 qnid
891 2531 1059 2612 admittat,
1081 2531 1137 2596 vel
1159 2549 1203 2594 en
1225 2531 1297 2614 ejus
1320 2530 1471 2596 inimicus

277 2637 333 2720 sit,
355 2638 517 2702 adversus
542 2653 640 2714 quem
661 2634 887 2701 testimonium
910 2633 987 2718 fert,
1009 2634 1064 2701 rel
1087 2634 1213 2701 amicus
1242 2635 1315 2717 eJus
1338 2635 1393 2716 sit,
1416 2653 1472 2716 pro

277 2759 341 2822 quo
364 2739 589 2806 testimonium
620 2741 695 2819 dat3
726 2757 800 2804 nam
826 2738 855 2803 si
878 2745 994 2805 careat
1021 2737 1219 2821 suspicione,
1248 2738 1305 2804 uel
1335 2744 1471 2820 propter

276 2863 460 2928 personam,
484 2863 504 2910 a
528 2863 593 2924 qna
615 2843 732 2925 fertur,
756 2843 835 2923 quia
858 2844 1000 2910 honesta
1022 2845 1076 2926 sit,
1099 2841 1154 2910 vel
1176 2848 1323 2925 propter,
1338 2859 1469 2907 cansam

276 2951 362 3032 quod
374 2968 481 3030 neque
494 2949 578 3015 lucri
591 2967 703 3031 causa,
716 2966 823 3028 neque
836 2947 1031 3014 inimicitiae
1044 2966 1155 3027 cause,
1176 2945 1470 3012 sioadmittendus

263 3125 269 3133 ,
380 3053 476 3120 Circa
499 3058 606 3120 testes
630 3054 730 3118 etiam
749 3053 926 3119 videndum
943 3057 1005 3135 est,
1022 3059 1133 3117 utrum
1148 3069 1246 3116 unum
1264 3053 1467 3129 eundemque

276 3158 555 3242 praemeditatum
568 3175 750 3224 sermonem
765 3155 947 3239 proferant,
959 3156 1013 3222 vel
1025 3158 1068 3221 ad
1082 3174 1131 3239 ea,
1143 3155 1318 3234 dequibus
1330 3154 1469 3221 interro·

276 3265 406 3345 gantur,
423 3280 465 3326 ex
480 3266 629 3342 tempore
645 3259 840 3328 verisimilia
856 3261 1098 3340 respondeant,
1114 3276 1188 3325 nam
1206 3265 1412 3343 argumenta,
1427 3260 1467 3325 ad

275 3384 371 3446 quern
383 3367 513 3432 modum
526 3367 716 3446 probandae
734 3366 895 3448 cujusque
907 3363 956 3429 rei
970 3362 1149 3445 sufficiant,
1161 3362 1252 3429 nullo
1268 3369 1361 3429 certo
1377 3363 1467 3428 modo

274 3469 358 3536 satis
382 3469 519 3535 diffiniri
541 3474 673 3551 potest,
697 3469 782 3550 quia.
805 3469 894 3535 siout
921 3486 988 3534 non
1010 3485 1151 3549 semper,
1182 3467 1233 3532 ita
1264 3485 1366 3549 saepe
1398 3467 1467 3532 sine

274 3574 416 3656 publicis
439 3573 648 3642 monimentis
671 3575 832 3656 qu'usque
855 3573 906 3639 rei
930 3573 1057 3640 veritas
1081 3570 1360 3654 deprehenditur,
1385 3571 1465 3637 alias

272 3696 430 3744 numerus
464 3679 611 3760 testium,
644 3679 729 3744 alias
763 3678 912 3762 dignitas
948 3682 982 3742 et
1017 3676 1212 3758 auotoritas,
1246 3675 1330 3740 alias
1365 3673 1467 3741 veluti

271 3783 485 3849 consentiens
522 3782 609 3848 fama
648 3784 844 3848 confirmant
881 3781 939 3863 rei,
974 3782 1016 3846 de
1049 3799 1114 3860 qua
1148 3779 1330 3862 quaeritur,
1362 3780 1463 3845 fidem.

272 3886 385 3952 Judex
414 3904 494 3968 ergo
525 3903 591 3950 non
620 3885 736 3966 utique
760 3887 802 3951 ad
827 3903 923 3950 unam
956 3883 1164 3964 probationis
1188 3883 1332 3964 speciem
1354 3881 1464 3949 statim

271 3991 375 4056 debet
404 4008 440 4055 se
472 3994 678 4070 convertere,
711 3991 770 4054 sed
801 4007 844 4054 ex
874 3988 1026 4070 pluribus
1049 3987 1302 4068 probationibus
1323 3988 1463 4053 animum

272 4113 366 4161 suum
389 4093 544 4177 dirigere.
1248 4141 1251 4146 .

376 4198 417 4262 It.
440 4197 557 4264 Idonei
580 4216 645 4264 non
669 4196 829 4262 videntur
850 4200 967 4278 testes,
996 4195 1116 4275 quibus
1140 4195 1293 4277 imperari
1319 4197 1463 4277 possunt,

272 4305 310 4368 ut
332 4306 439 4367 testes
462 4303 559 4382 fiant,
582 4301 673 4368 servi
696 4304 827 4365 tantum
851 4297 1042 4363 testimonio
1065 4304 1146 4364 tunc
1176 4300 1377 4366 credendum
1406 4301 1464 4372 est,
