3275 5009
737 335 905 389 Bruneuscs.
1367 336 1425 389 173

217 547 357 631 aliquid,
381 550 684 626 exercendosuum
707 545 861 628 officium,
884 550 942 611 aut
971 546 1059 612 siout
1082 545 1222 627 quilibet
1244 547 1420 629 privatus,

219 653 278 731 qui
301 652 407 735 primo
431 670 511 719 casu
534 656 640 735 parat,
671 668 737 717 non
767 649 879 716 estin
902 649 977 716 dolo
1009 668 1072 717 nec
1104 650 1139 717 in
1174 651 1282 734 culpa,
1314 658 1353 716 ut
1383 651 1421 716 in

219 759 317 823 domo
330 757 491 823 diruenda
503 762 539 824 et
551 755 786 839 consimilibus,
799 755 951 836 quamvis
966 755 1128 839 injustum
1144 754 1190 822 sit
1202 761 1417 837 praeceptum

211 859 352 943 jndicis;
386 866 421 926 et
442 861 505 926 hoo
537 867 675 943 proptor
702 859 915 942 judiciariam
945 860 1185 927 auctoritatem
1218 865 1254 926 et
1277 864 1425 941 propter

215 965 386 1046 publicam
405 965 596 1049 utilitatem,
611 983 697 1045 quae
714 969 776 1046 est,
792 968 832 1029 ιιι
846 963 1010 1030 maleficia
1026 963 1219 1044 puniantur.
1241 963 1282 1030 In
1299 963 1419 1044 quibus

214 1069 398 1152 puniendis
421 1069 565 1154 subjecti
588 1071 712 1136 debent
727 1085 850 1150 parare
865 1085 960 1134 suum
976 1067 1145 1150 auxilium,
1161 1073 1197 1134 et
1211 1067 1323 1150 etiam,
1340 1067 1420 1148 quia

212 1177 497 1255 praesumendum
519 1179 581 1258 est,
603 1173 805 1242 sententiam
829 1191 904 1241 esse
923 1173 1016 1256 juste
1036 1173 1149 1256 latam,
1174 1190 1215 1238 ex
1233 1172 1423 1254 quajuuox

215 1281 360 1344 exercet
382 1295 476 1347 suum
499 1277 652 1345 officium.

327 1451 695 1534 409.ec410.1)ajodice
705 1460 860 1535 quantum
868 1450 913 1514 ad
921 1452 1076 1536 captivos.
1087 1451 1228 1536 Quidam
1239 1455 1419 1519 accusatus

212 1558 264 1622 de
286 1555 462 1623 homicidio
481 1555 587 1641 jndici
610 1559 848 1636 praesentatus
870 1559 933 1639 est,
956 1573 1054 1636 quem
1077 1575 1150 1623 cum
1181 1556 1235 1622 die
1267 1555 1424 1639 praefixo

211 1664 371 1727 statuere
395 1663 543 1744 deberet,
564 1677 733 1727 carcerem
756 1665 923 1727 evaserat.
947 1658 1130 1743 Quaeritur
1154 1678 1244 1743 crgo,
1267 1663 1347 1740 quid
1373 1658 1419 1726 sit
1521 1652 1524 1660 ⁴

206 1763 303 1848 juris
317 1762 352 1829 in
367 1765 430 1830 boc
446 1763 550 1842 casu?
566 1763 621 1830 Et
643 1766 968 1846 respondetur:
989 1763 1084 1848 Quod
1098 1765 1201 1849 jndax
1218 1764 1421 1830 homicidam

210 1885 281 1934 seu
301 1867 484 1935 maleficum
506 1868 594 1935 sicut
616 1867 722 1934 furem
747 1874 783 1935 ct
805 1867 1019 1951 spoliatorem
1051 1868 1116 1934 sibi
1148 1872 1417 1952 praesentatum,

210 1990 286 2038 uno
308 1973 400 2038 modo
428 1971 625 2053 simpliciter
648 1978 683 2039 et
705 1973 860 2040 absolute
890 1973 925 2039 in
948 1991 1041 2038 suam
1071 1971 1256 2038 custodiam
1287 1972 1424 2055 recepit-

212 2082 257 2142 et
280 2075 475 2143 clausuram.
503 2075 579 2144 Alio
602 2096 683 2144 vero
706 2079 801 2144 modo
834 2079 897 2144 sub
929 2075 1128 2155 conditione,
1160 2095 1225 2156 qua
1257 2076 1419 2144 videlicet

212 2198 280 2260 pro
302 2180 419 2262 majori
443 2181 595 2247 custodia
617 2181 754 2248 invocat
776 2181 937 2248 auxilinm
960 2180 1012 2247 sui
1035 2179 1227 2264 superioris,
1249 2198 1309 2247 sen
1328 2182 1419 2264 parti

214 2284 313 2368 dicit,
335 2287 423 2365 quod
442 2303 504 2352 sua
520 2285 732 2352 conservatio
748 2285 794 2351 sit
811 2284 942 2368 debilia,
957 2291 993 2350 et
1008 2287 1097 2365 quod
1112 2303 1173 2368 per
1189 2303 1225 2352 se
1241 2287 1283 2352 de
1298 2303 1424 2352 secma

213 2389 373 2456 custodia
396 2387 461 2455 sibi
484 2389 669 2473 provideat,
700 2394 894 2471 protestans
925 2389 1170 2473 nichilominus,
1200 2390 1230 2455 si
1261 2390 1417 2470 captivus

212 2494 389 2576 evaderet,
423 2492 458 2557 in
491 2493 553 2558 boc
591 2491 767 2575 culpabilis
806 2511 881 2560 esse
918 2494 1032 2560 nollet.
1071 2493 1170 2560 Modo
1193 2493 1223 2559 si
1252 2493 1418 2579 captivus,

212 2599 262 2663 da
288 2614 350 2676 quo
369 2595 474 2678 judex
503 2596 700 2678 simpliciter
733 2603 769 2663 et
801 2598 956 2666 absoluta
989 2615 1027 2664 sc
1060 2597 1251 2682 intromisit,
1283 2598 1417 2668 evadit:

207 2701 320 2784 judex
342 2719 401 2782 pro
434 2701 506 2783 ipso
537 2702 710 2769 emendam
732 2701 838 2768 XXX
861 2720 1049 2787 sexagenas
1080 2703 1200 2785 solvet,
1223 2707 1258 2768 at
1279 2703 1420 2786 insuper

206 2803 439 2887 juramentum
462 2806 635 2886 corporale
656 2803 769 2891 faciet,
792 2808 879 2887 quod
902 2808 964 2872 sua
986 2804 1107 2873 fraude
1129 2824 1196 2873 non
1219 2806 1265 2873 sit
1288 2807 1417 2888 captivi

215 2908 332 2974 evasio
356 2912 543 2990 procurata.
566 2907 603 2974 Si
625 2914 737 2976 autem
761 2908 914 2990 captivus
938 2911 1085 2976 secundo
1107 2913 1205 2976 modo
1226 2910 1416 2977 custoditus

215 3013 337 3096 evasit,
369 3012 471 3097 judex
505 3015 547 3079 de
581 3015 718 3079 emenda
753 3014 915 3095 pecuniae
947 3017 1169 3095 supportatus
1203 3013 1345 3097 simplici
1379 3033 1418 3082 se
1542 3022 1544 3025 ’

213 3118 412 3201 juramento,
436 3123 474 3181 ut
497 3118 735 3201 praemittitur,
759 3117 971 3203 expurgabit.

321 3289 435 3377 iiio)
474 3291 524 3355 Dc
552 3291 677 3378 judica,
714 3290 841 3376 quolam
877 3313 911 3355 sc
952 3290 1064 3355 debera
1096 3290 1263 3378 praebere.
1303 3293 1417 3362 Jndex

216 3399 331 3461 tamen
354 3397 455 3462 debet
479 3397 520 3462 de
544 3396 678 3477 captivo
702 3415 760 3478 pro
784 3395 946 3464 maleficio
976 3397 1068 3480 parti
1095 3395 1256 3481 judicium
1286 3397 1416 3479 petenti

215 3499 436 3566 favorabilem
480 3519 517 3566 sc
562 3501 729 3585 annitere,
780 3519 843 3567 nec
897 3500 1055 3568 terminos
1110 3519 1301 3585 prorogare,
1353 3519 1416 3568 nec

218 3621 355 3687 gravem
400 3622 440 3670 ac
485 3602 652 3670 difficilem
697 3623 733 3671 se
771 3607 932 3687 reddere;
976 3605 1124 3685 alioquin
1168 3611 1335 3686 tamquam
1374 3607 1419 3671 de

215 3708 365 3774 fautoria
402 3708 553 3777 maleficii
592 3714 776 3794 suspectus,
820 3728 961 3792 poenam
998 3708 1147 3793 malefici,
1190 3709 1220 3776 si
1257 3709 1421 3794 evaserit,

218 3812 409 3879 sustinebit.

320 3983 425 4069 411.b)
434 3984 484 4048 De
485 3985 614 4070 judicio
623 3984 851 4052 accessoribus.
862 3987 1061 4053 Assessores
1073 4002 1113 4052 aa
1120 3985 1205 4070 juris
1216 3985 1417 4054 defensores

213 4093 251 4156 et
273 4093 492 4173 protectores,
515 4089 544 4155 si
567 4107 649 4170 quos
671 4088 828 4157 fortassis
846 4090 952 4172 judex
975 4090 1109 4156 aliunde
1132 4089 1197 4156 sibi
1218 4093 1408 4173 assumpsit,

212 4192 282 4260 illis
305 4187 372 4260 non
394 4199 519 4276 partes,
541 4196 602 4260 sed
624 4194 696 4277 ipse
712 4196 880 4262 duntaxat
895 4211 936 4259 cx
951 4211 999 4277 eo,
1015 4195 1102 4273 quod
1118 4195 1275 4260 emendas
1286 4194 1411 4279 judici·

214 4297 307 4364 arias
331 4315 390 4378 pro
414 4314 451 4362 se
474 4295 572 4381 tollit,
595 4295 785 4365 satisfaciet
807 4297 843 4364 in
865 4296 1033 4380 expensis.
1063 4374 1067 4379 ⁴
