3275 5009
258 292 292 345 64
774 303 940 363 Sententiae

257 508 362 575 tuerit
385 511 601 597 venditorem,
624 514 712 583 liber
733 518 819 584 erit“
846 522 952 589 etsie
975 526 1016 591 16
1041 527 1193 594 caeteris.
1224 528 1369 613 Propter
1389 535 1457 601 hoe

257 615 370 682 tamen
393 616 545 695 quamvis
568 620 611 684 ad
633 620 781 701 tertium,
803 633 967 711 quartum,
991 631 1141 710 quintum
1162 640 1198 702 et
1221 635 1271 701 sic
1294 635 1459 721 deinceps

257 735 363 797 equus
394 721 528 789 devolvi
557 724 674 809 possit,
704 745 836 811 semper
864 731 900 797 in
930 734 1032 800 tertio
1059 737 1184 820 judicio
1217 757 1320 821 equus
1351 744 1455 809 debet

257 823 403 892 obtineri
414 825 470 893 vel
481 828 600 911 amitti,
615 832 661 896 ad
672 836 876 913 parcendum
889 837 1032 918 partium
1048 839 1220 909 laboribus
1236 846 1458 927 6166666616

256 927 342 995 Item
364 929 395 996 61
416 937 609 1000 arrestatus
632 936 822 1004 devolverit
845 958 965 1022 equum
988 944 1031 1009 ad
1049 944 1192 1028 aliquem
1209 948 1244 1014 in
1260 954 1353 1019 terra
1369 950 1456 1017 resi·

256 1034 401 1117 dentem,
423 1033 513 1103 illum
538 1056 598 1120 per
621 1039 693 1107 dies
716 1042 800 1110 XIV
818 1050 971 1115 statuere
988 1050 1098 1117 debet.
1121 1050 1158 1118 Si
1173 1059 1286 1120 autem
1303 1055 1455 1123 devolvit

255 1136 364 1219 ipsum
396 1142 441 1206 ad
467 1140 634 1225 hospitem
664 1151 762 1213 66166
793 1154 919 1217 terram
949 1153 1166 1237 habitantem,
1197 1157 1289 1223 illum
1320 1163 1455 1226 statuet-

256 1261 317 1325 per
339 1247 410 1311 tres
434 1245 517 1313 XIV
539 1249 621 1316 dies.
642 1249 683 1317 In
707 1270 772 1321 uno
794 1254 897 1321 etiam
909 1256 1037 1341 judicio
1052 1276 1138 1327 unus
1154 1262 1197 1327 ad
1212 1261 1323 1346 alium,
1338 1261 1395 1329 1116
1411 1265 1456 1329 61

256 1346 403 1432 tertium,
426 1354 462 1417 et
484 1351 570 1419 idem
591 1356 635 1421 ad
650 1362 815 1441 quartum,
832 1368 867 1427 et
883 1365 1083 1444 quartusad
1100 1365 1258 1450 quintum,
1275 1372 1311 1433 et
1326 1367 1376 1433 sic
1391 1385 1456 1450 per

256 1451 416 1538 ordinem,
438 1462 601 1538 quotquot
623 1467 712 1546 sunt,
734 1480 854 1543 equum
872 1465 1051 1534 devolvere
1067 1476 1216 1551 possunt.
1232 1470 1280 1537 Et
1296 1471 1451 1538 similiter

255 1557 329 1625 fieri
338 1566 451 1641 pot-est
462 1562 579 1642 quovis
589 1568 738 1648 tempore
747 1568 962 1654 medio,inter
971 1571 1064 1639 dicta
1074 1573 1141 1640 tria
1146 1573 1275 1657 judicia
1285 1580 1453 1643 currente.

360 1664 446 1733 item
467 1666 498 1732 si
516 1674 705 1737 arrestatus
720 1674 862 1742 termino
878 1678 1026 1759 praefixo
1042 1677 1143 1761 illum,
1159 1680 1202 1746 ad
1218 1696 1316 1760 quem
1333 1696 1451 1760 equum

256 1767 453 1854 devolverit,
475 1790 573 1853 quem
595 1776 789 1845 nominatim
811 1782 981 1863 expressit
1004 1790 1039 1849 61
1061 1785 1104 1849 61
1121 1801 1217 1864 quem
1232 1785 1449 1851 statuendum

255 1892 293 1942 se
316 1875 505 1943 voluntarie
527 1880 698 1967 obligavit,
721 1883 757 1949 in
779 1902 923 1967 persona
948 1888 1083 1969 propria
1104 1906 1170 1955 non
1186 1887 1362 1955 statuerit:
1384 1886 1452 1955 nisi

254 1978 438 2063 legitimum
461 1984 574 2051 obstet
601 1985 882 2073 impedimentum,
905 2004 1078 2059 arrestans
1101 1992 1174 2059 sine
1192 1991 1393 2074 J'uramentis
1416 1996 1453 2057 et

255 2085 401 2152 testibus
424 2105 543 2169 equum
566 2090 698 2158 obtinet
719 2092 793 2175 ipso
813 2096 898 2179 jure.

358 2227 411 2294 99.
447 2228 673 2294 Arreatotorca
710 2253 863 2315 equorum
899 2234 1004 2319 iqaoti
1041 2242 1071 2298 et
1108 2254 1216 2298 eorum
1252 2242 1346 2303 testea
1380 2242 1455 2297 auat

255 2329 388 2395 divisim
411 2334 626 2399 examinandi
646 2345 677 2399 et
699 2338 738 2402 da
762 2336 851 2423 locis,
873 2336 1083 2423 temporibus,
1099 2340 1295 2423 eaeterisque
1310 2340 1449 2402 circum·

255 2436 389 2531 atuatiia
435 2436 610 2524 1111966166
653 2442 886 2527 interroqaadi.
938 2443 1074 2511 cuidam
1117 2443 1240 2515 homini
1285 2443 1456 2537 fidedigno

255 2558 361 2622 equus
385 2546 573 2610 arrestatus
595 2543 680 2628 fuit,
702 2548 759 2629 qui
782 2566 856 2615 oum
878 2547 947 2615 XX
969 2548 1082 2631 probis
1105 2548 1197 2631 viris,
1226 2548 1347 2615 vicinis
1372 2546 1455 2631 suis,

255 2647 395 2715 veniens
419 2652 454 2715 61
477 2667 597 2733 equum
620 2666 680 2733 per
702 2655 833 2721 modum
856 2653 1057 2737 repulsionis
1080 2654 1232 2721 obtinere
1255 2653 1383 2734 volens,
1411 2669 1457 2716 ex

255 2770 304 2835 eo,
335 2755 422 2832 quod
447 2771 531 2820 unus
554 2753 693 2822 testium
714 2757 749 2823 in
768 2758 958 2843 juramento
990 2757 1122 2842 cecidit,
1153 2776 1273 2839 equum
1303 2756 1456 2840 perdidit

254 2859 404 2924 eundem.
427 2858 494 2927 Pro
518 2879 581 2942 quo
604 2862 755 2929 dominus
778 2862 881 2929 villae
903 2864 1024 2947 Juratis
1048 2863 1194 2947 scripsit,
1210 2864 1299 2943 quod
1314 2861 1454 2927 multum

255 2963 435 3030 miraretur
450 2965 492 3032 16
507 2966 570 3032 166
581 2966 669 3050 jure,
684 2968 771 3047 quod
786 2966 922 3051 ignotus
939 2968 1078 3037 veniens
1094 2972 1129 3034 et
1145 2985 1265 3049 equum
1277 2970 1457 3032 arrestans

254 3068 362 3151 ipsum
394 3070 505 3151 potius
536 3071 727 3139 mettertins
761 3073 901 3139 deberet
935 3072 1097 3156 obtinere,
1131 3089 1230 3152 quam
1263 3074 1456 3135 arrestatus

255 3192 330 3243 cum
361 3174 515 3241 fidelibus
545 3174 744 3259 hominibus,
775 3178 896 3244 vicinis
926 3178 1004 3259 6616,
1037 3194 1164 3258 equum,
1195 3192 1293 3255 quem
1323 3174 1360 3239 in
1393 3191 1456 3238 sue

253 3286 358 3351 habet
381 3286 560 3365 potestate,
584 3281 697 3347 valeat
720 3299 930 3360 conservare,
962 3300 1034 3349 cum
1059 3286 1171 3347 tamen
1193 3278 1257 3347 Jus
1281 3294 1452 3345 commune

255 3389 390 3469 habeat,
413 3387 500 3467 quod
526 3386 686 3469 „quilibet
708 3387 803 3452 homo
826 3390 935 3455 bonae
949 3386 1058 3453 famae
1074 3384 1191 3451 melius
1207 3385 1377 3466 honorem,
1397 3398 1454 3448 res

256 3500 291 3560 et
314 3509 434 3575 corpus
457 3508 552 3557 suum
577 3495 689 3573 potest
711 3490 901 3575 defendere,
925 3510 1021 3572 quam
1045 3490 1109 3557 sibi
1123 3488 1256 3571 possint
1272 3504 1333 3569 per
1348 3487 1449 3553 alium

256 3598 455 3665 decertari“⁸

360 3702 486 3771 Eodem
507 3705 603 3769 modo
626 3708 744 3785 postea
766 3720 854 3768 anno
878 3700 949 3767 iere
971 3702 1144 3766 transacto
1163 3696 1297 3777 quidam
1313 3696 1456 3762 veniens

257 3811 298 3875 de
322 3808 440 3875 Gostel
463 3826 581 3888 equum
605 3806 734 3875 cuidam
757 3811 837 3873 noto
862 3811 896 3872 et
919 3806 1058 3871 honesto
1074 3802 1156 3885 viro,
1172 3801 1239 3870 civi
1255 3801 1296 3865 16
1312 3798 1454 3883 Iglavia,

257 3919 439 3997 arrestanS,
481 3931 553 3978 cum
592 3930 710 3992 equum
748 3912 888 3978 eundem
927 3907 1116 3975 mettertius
1153 3905 1307 3972 obtinere
1341 3903 1456 3984 vellet,

255 4022 443 4085 arrestatus
474 4019 515 4083 16
544 4016 675 4102 Iglavia
706 4015 975 4081 communitatem
1005 4012 1176 4096 cujusdam
1205 4009 1306 4077 villae
1338 4006 1452 4072 dictae

256 4122 376 4191 Goztel
398 4121 547 4206 adduxit,
569 4122 628 4202 qui
651 4120 742 4187 circa
764 4118 868 4185 XXX
891 4117 1075 4185 existentes
1099 4132 1212 4183 omnes
1227 4112 1452 4179 exbibuerunt

257 4247 293 4296 66
316 4229 359 4294 61
377 4228 565 4313 J'uraudum,
588 4228 675 4307 quod
698 4225 807 4291 116166
827 4212 1450 4304 6666616661611661166616666161

256 4336 423 4403 existente
446 4322 581 4419 genitus
605 4334 696 4398 66661
719 4336 754 4397 61
777 4329 863 4409 quod
887 4345 947 4409 per
971 4332 1076 4393 totam
1092 4324 1197 4393 vitam
1213 4339 1307 4389 suam
1322 4340 1343 4387 a
1360 4317 1453 4385 dicto
