3275 5009
689 348 856 402 Bruueuses.
1318 344 1369 398 171

169 561 266 622 tutae
290 558 513 637 compareant.
544 555 661 638 Unum,
688 556 718 623 si
746 572 886 622 necesse
908 553 1020 633 fuerit,
1048 559 1160 636 potest
1182 552 1375 633 prohiberer

170 662 257 741 quod
283 659 355 726 sine
378 659 480 724 armis
503 660 651 742 veniant,
675 666 710 725 et
725 659 875 741 maxime,
891 660 979 739 quod
994 658 1139 724 inermes
1155 663 1376 754 compareant

169 781 281 832 coram
304 762 474 829 tribunali.

273 921 350 987 408.
367 919 417 982 Dc
424 919 538 1003 judice
554 920 742 1004 etjudiciic.
765 919 878 987 Judex
898 937 963 985 non
979 919 1079 984 aliter
1090 918 1242 1002 judicare
1257 920 1373 1001 debet,

169 1042 269 1107 qnam
294 1028 333 1089 ut
355 1029 414 1090 aut
439 1023 578 1109 legibus,
611 1030 670 1090 aut
701 1024 1007 1107 constitutionibus,
1038 1029 1095 1089 aut
1128 1023 1374 1089 consuetudine

167 1132 256 1196 bona
280 1128 446 1211 proditum
472 1134 534 1194 est.

274 1232 416 1298 Judices
450 1231 566 1298 civiles
597 1231 767 1297 monachis
801 1236 836 1296 et
865 1230 1174 1298 sanctimonialibus
1205 1249 1271 1296 non
1301 1229 1372 1296 siut

163 1337 310 1421 judiees
340 1338 400 1402 sed
423 1336 614 1403 amicabiles
646 1336 852 1419 singularum
883 1336 1059 1402 civitatum
1090 1335 1254 1418 episcopi;
1285 1335 1376 1401 baec·

168 1443 288 1508 eadem
310 1440 398 1508 ratio
422 1446 475 1507 est
498 1447 534 1507 et
555 1441 589 1507 in
613 1440 688 1506 aliis
708 1441 849 1507 clericis,

275 1543 312 1610 Si
335 1542 528 1627 adjudices
551 1543 773 1628 agricolarum
796 1544 973 1610 multitudo
996 1543 1139 1625 venerit,
1169 1545 1258 1624 quod
1287 1541 1376 1625 ipsis⁴

168 1648 422 1730 possessoribus
445 1649 621 1730 dampnum
644 1647 765 1729 aliquis
788 1646 886 1714 lacit:
910 1667 981 1714 cum
1005 1647 1224 1715 festinatione
1247 1649 1374 1714 debent
1441 1641 1443 1645 ’

168 1770 227 1819 eos
252 1771 274 1817 a
297 1752 566 1820 contentionibus
590 1753 768 1820 absolvere
796 1757 831 1818 et
853 1770 874 1816 a
896 1752 1012 1819 litibus
1044 1752 1206 1818 liberatos
1237 1753 1280 1816 ad
1310 1769 1377 1816 sua

169 1857 357 1924 remittere.
647 1861 648 1868 ’

276 1960 416 2028 Judices
439 1979 505 2026 nou
522 1966 645 2043 cogant
661 1966 784 2041 partes,
800 1965 840 2026 ut
855 1967 1007 2042 prompte
1023 1964 1058 2026 et
1075 1979 1147 2026 cum
1164 1959 1375 2026 necessitate

170 2065 256 2132 fiant
277 2065 347 2131 litis
362 2065 638 2147 contestationes,
654 2067 712 2130 sed
729 2067 916 2131 concedant
931 2067 1045 2132 decem
1065 2065 1192 2130 dierum
1207 2062 1370 2130 inducias.

279 2169 313 2236 Si
325 2175 444 2251 captus
457 2187 515 2251 pro
527 2168 697 2235 maleficiis
711 2170 814 2235 habet
830 2167 1006 2250 pecuniam
1018 2174 1053 2234 et
1065 2170 1192 2234 tamdiu
1209 2173 1374 2235 servatur

170 2274 376 2356 incarcere,
410 2275 495 2354 quod
526 2273 561 2339 iu
591 2274 683 2340 vitae
712 2275 936 2341 necessitates
967 2292 1039 2340 eam
1063 2272 1238 2355 expendit:
1265 2273 1375 2356 judex

176 2382 217 2445 ea
241 2380 379 2444 carebit.

214 2523 215 2527 =
276 2483 389 2550 Juder
415 2482 607 2564 temporalis
641 2488 754 2565 potest
782 2482 939 2549 clericum
970 2483 1146 2549 absolvere
1176 2480 1375 2561 irrequisito

172 2586 340 2670 episcopo,
374 2589 435 2654 sed
469 2603 534 2652 nou
569 2587 810 2668 condempnare
846 2585 948 2671 (qnod
982 2591 1036 2654 est
1070 2591 1187 2652 contra
1221 2585 1371 2668 regulam

167 2689 265 2772 juris,
295 2708 380 2770 quae
410 2690 507 2757 dicit:
546 2689 667 2772 ,Nemo
699 2689 755 2770 qui
786 2692 1029 2772 condempnare
1060 2707 1125 2756 non
1156 2694 1278 2771 potest,
1308 2706 1375 2753 nec

132 2784 134 2790 ’
173 2795 349 2862 absolvere
373 2792 533 2881 potest.“)

277 2898 318 2964 Iu
345 2896 481 2990 judiciis
509 2898 652 2981 publicis
683 2897 825 2977 quilibet
853 2897 1045 2964 admittitur
1072 2897 1115 2961 ad
1145 2897 1372 2962 accusandum

175 3000 342 3088 (subaudi,
366 3001 423 3083 qui
445 3003 487 3067 ad
510 3002 573 3067 hoc
596 3002 716 3068 habilis
740 3000 817 3085 est).

277 3123 389 3190 Juder
411 3126 556 3206 tenetur,
579 3122 658 3202 quia
681 3141 722 3188 ex
744 3121 915 3201 maleficio,
938 3121 967 3187 si
991 3121 1252 3188 controversiam
1276 3139 1375 3186 suam

173 3224 303 3304 iecerit,
325 3230 364 3291 ut
386 3226 419 3291 in
443 3225 478 3292 id
502 3230 669 3308 tencatur,
693 3227 814 3307 inquo
839 3228 910 3308 ipse
934 3226 1035 3291 laesit
1057 3225 1202 3306 aliquem
1235 3223 1285 3312 (et
1308 3225 1374 3290 hoc

174 3348 297 3411 verum,
321 3333 451 3410 quando
474 3329 513 3395 fit
535 3349 596 3411 per
618 3330 833 3412 imperitiam3
858 3329 974 3410 quodsi
997 3331 1035 3395 fit
1059 3331 1100 3395 de
1124 3331 1209 3414 dolo,
1232 3334 1376 3395 tenetur

175 3453 216 3500 ex
239 3435 410 3516 maleficio,
434 3438 470 3500 et
491 3433 530 3498 fit
552 3433 709 3520 infamis).

278 3555 325 3622 Et
346 3557 430 3623 haec
453 3556 554 3622 etiam
577 3557 683 3622 locum
708 3557 834 3623 habent
858 3556 892 3622 iu
914 3555 1065 3622 arbitrio.

278 3677 461 3745 Conveutio
486 3683 520 3744 et
542 3677 757 3744 reconventio
780 3695 856 3743 mox
878 3697 898 3744 a
914 3677 1078 3759 principio
1096 3684 1148 3744 est
1165 3677 1252 3757 apud
1269 3693 1372 3740 uuum

170 3780 315 3864 judicem
349 3781 521 3864 facienda3
555 3783 643 3848 idem
677 3783 763 3848 euim
791 3784 894 3867 judex
926 3785 1027 3849 debet
1056 3801 1132 3849 esse
1162 3781 1197 3846 iu
1227 3786 1374 3861 utroque

173 3885 319 3968 negotio.
346 3884 548 3970 Conventus,
571 3886 601 3952 si
620 3886 725 3970 judex
755 3885 822 3952 sibi
845 3885 1025 3971 displicuit,
1053 3905 1127 3953 eum
1149 3883 1313 3951 refutabit
1335 3888 1371 3950 et

173 3987 241 4053 XX
264 3987 336 4054 dies
359 3989 497 4055 habebit
519 3988 682 4072 induciae,
707 3995 744 4054 ut
766 4007 841 4056 eum
866 3992 1035 4070 emendet,
1059 3997 1094 4057 et
1117 3989 1146 4054 si
1165 3987 1266 4054 alium
1282 3988 1372 4054 obti-

174 4091 276 4174 nabit,
299 4091 356 4157 ille
379 4094 464 4158 idem
487 4098 598 4159 tamen
628 4093 868 4160 convenienter
891 4098 926 4160 et
949 4095 1227 4162 reconvenienter
1256 4092 1372 4158 termi·

175 4194 276 4261 nabit.
289 4195 325 4262 Si
335 4202 446 4262 autem
457 4196 659 4264 couveniens
669 4197 787 4280 tacuit,
800 4197 1092 4281 primumjudicem
1105 4216 1171 4264 nou
1181 4198 1373 4262 recusando

175 4315 283 4365 coram
307 4318 346 4366 eo
369 4301 483 4366 stabit.
507 4299 633 4379 Omnia,
657 4314 884 4382 quaecumque
900 4320 959 4383 per
971 4302 1095 4381 judicis
1112 4301 1254 4368 officium
1270 4318 1372 4384 expe·
