3275 5009
695 413 862 466 Brunenses.
1324 414 1375 467 119

172 620 273 686 Aliae
297 628 376 686 sunt
398 624 556 688 emendae
579 621 690 687 diotae
708 622 885 707 judiciales
910 621 929 688 i.
949 640 976 687 e.
992 622 1167 688 vulnerum
1184 628 1220 687 et
1235 621 1374 688 aliorum

173 741 382 807 excessuum,
405 732 439 790 et
460 727 524 792 hae
540 744 606 794 nou
622 729 806 794 variantur.
824 728 969 808 Propter
985 727 1108 808 primas
1122 726 1226 810 judici
1243 727 1375 793 ceditur

171 846 265 910 pars,
295 837 433 912 propter
464 833 629 896 secundas
658 833 760 915 judex
790 831 954 913 percipiet
983 836 1113 897 tantum
1143 836 1300 911 qnantum
1331 833 1374 897 ad

171 951 250 998 enm
275 934 423 1014 pertinet
445 934 517 1016 ipso
543 936 625 1018 jure.

281 1039 329 1104 Et
351 1043 405 1104 est
435 1039 524 1106 circa
555 1041 617 1107 hoc
645 1042 886 1122 notandum,
911 1042 995 1119 qnod
1021 1042 1160 1106 emenda
1182 1039 1246 1105 LX
1268 1039 1374 1104 talen·

168 1147 294 1221 torum,
323 1161 419 1223 quam
453 1144 526 1210 Lex
557 1152 797 1226 commemorat,
831 1147 884 1209 est
915 1150 1043 1210 tautum
1075 1164 1134 1226 pro
1166 1142 1375 1226 gravissimis
1412 1196 1414 1200 ,

170 1248 372 1313 excessibus
402 1247 610 1330 imponenda,
642 1249 730 1314 sicut
761 1248 902 1329 exempli
936 1249 1063 1331 gratia:
1098 1248 1134 1314 Si
1167 1248 1240 1328 quis
1275 1247 1375 1313 alium

168 1352 393 1434 haereticum,
415 1353 621 1430 traditorem,
649 1352 844 1418 falsatorem
868 1353 923 1418 vel
946 1352 1011 1417 alio
1035 1351 1135 1417 simili
1158 1351 1243 1417 malo
1271 1353 1374 1416 verbo

169 1474 287 1521 coram
295 1456 420 1540 juratis
433 1457 671 1540 denigraverit,
686 1463 720 1522 et
731 1456 819 1522 forte
832 1457 925 1537 prius
938 1461 1079 1538 propter
1089 1459 1177 1522 idem
1192 1455 1375 1538 appellans

169 1565 354 1641 correptus
384 1568 436 1626 est
468 1567 502 1626 et
528 1579 594 1626 non
624 1561 771 1642 desistit,
802 1560 911 1629 solvet
940 1564 1111 1628 emendam
1135 1564 1374 1642 praenotatam.

168 1665 218 1731 Et
235 1669 293 1731 est
308 1665 482 1746 praedicta
498 1667 637 1730 emenda
653 1669 834 1732 secundum
848 1684 1016 1732 numerum
1024 1669 1209 1750 juratorum
1223 1668 1376 1750 augenda

168 1773 227 1839 vel
264 1770 452 1851 minuenda,
474 1771 571 1854 sicut,
595 1771 624 1835 si
648 1789 759 1836 coram
783 1789 843 1836 sex
866 1770 987 1854 juratis
1010 1770 1048 1835 fit
1072 1789 1238 1847 excessua,
1270 1771 1376 1836 minor

168 1880 226 1942 est
243 1876 395 1956 emenda,
411 1893 508 1954 quam
524 1892 634 1940 coram
650 1874 729 1953 XII,
745 1874 810 1941 nisi
828 1875 925 1940 nimis
949 1874 1064 1958 gravis
1087 1880 1178 1940 esset
1202 1893 1376 1957 excessus3

169 1983 206 2047 et
218 1979 328 2063 judex
350 1978 487 2043 tertiam
510 1986 640 2060 partem
663 1981 706 2045 ab
730 1997 771 2044 ea
793 1979 945 2060 recipere
969 1980 1078 2044 debet.

279 2117 354 2184 223.
378 2116 427 2179 De
451 2116 565 2201 quibas
590 2115 681 2179 bouis
704 2119 853 2180 emendae
876 2125 952 2179 orout
981 2114 1172 2179 solvendae:
1205 2116 1375 2183 Emendate

168 2222 301 2287 debent
324 2220 409 2288 solvi
433 2221 591 2289 debonis
616 2222 769 2302 propriis,
793 2225 827 2288 et
851 2240 917 2288 non
940 2223 981 2286 de
1004 2221 1110 2304 bonis
1133 2239 1218 2300 qnae
1242 2222 1377 2289 noviter

168 2325 248 2406 quis
274 2325 355 2391 emit
378 2329 413 2392 θῖ
435 2344 501 2391 non
524 2326 704 2407 persolvit;
729 2325 808 2406 quia
831 2325 914 2391 talia
937 2328 1023 2392 bona
1043 2329 1121 2391 sunt
1137 2324 1198 2390 tali
1217 2326 1377 2392 vendenti

169 2430 287 2513 potius
311 2430 533 2496 restituenda.

281 2560 355 2622 224.
377 2557 433 2622 Aa
457 2558 549 2622 idem.
576 2557 667 2643 (Br.)
698 2559 734 2624 Si
764 2563 883 2625 vector
905 2558 940 2624 in
963 2557 1074 2639 aliquo
1099 2559 1296 2640 delinquens
1320 2580 1375 2627 res

169 2665 318 2732 alterius
342 2665 500 2731 incurro
526 2682 586 2729 suo
617 2664 718 2745 ducit,
749 2665 851 2746 judex
885 2666 1041 2730 emendas
1072 2683 1132 2745 pro
1163 2665 1225 2730 tali
1255 2665 1378 2732 delicto

170 2789 240 2837 non
265 2770 307 2834 de
327 2767 512 2852 hujusmodi
527 2769 637 2845 rebus,
658 2769 718 2833 sed
734 2773 866 2833 tantum
882 2769 922 2833 de
939 2769 1039 2833 rebus
1056 2768 1198 2849 recipiet
1214 2769 1379 2849 vectoris3

92 2957 98 2971 Β
172 2879 208 2941 θῖ
232 2874 324 2939 idem
346 2873 405 2939 fiet
427 2872 462 2937 in
486 2889 566 2937 casu
590 2872 763 2938 consimili.

233 3043 237 3048 -
282 3002 357 3066 225.
381 3002 421 3063 Ia
445 3022 505 3084 qao
530 3023 607 3063 cosa
621 3001 734 3083 judici
755 3022 819 3062 aaa
841 3001 1081 3066 ceditemeudo.
1104 3002 1176 3069 Lex
1191 3002 1379 3083 vuli,quod
1493 3089 1494 3092 Ἴ

168 3106 281 3192 judici
304 3123 370 3172 non
393 3107 492 3170 cedat
523 3123 582 3186 pro
614 3105 801 3171 insolentiis
833 3107 1010 3171 verborum
1042 3108 1233 3172 sedatorum
1268 3107 1378 3172 subito

172 3213 330 3293 emenda,
352 3209 418 3275 nisi
450 3227 560 3275 coram
587 3210 711 3292 juratis
742 3209 829 3275 tales
856 3186 1056 3275 insolentiae
1083 3209 1153 3276 sint
1175 3210 1380 3292 commissae,

172 3316 299 3398 quibus
321 3313 440 3379 merito
464 3317 517 3378 est
540 3315 754 3392 parcendum.

284 3445 358 3507 226.
384 3453 414 3505 et
438 3441 706 3522 amplicem,
730 3443 855 3505 ratione
888 3444 1026 3525 testium,
1062 3444 1119 3526 qai
1140 3452 1381 3526 supportantur

174 3550 214 3614 ae
238 3549 392 3612 emendis.
420 3547 466 3613 Et
489 3546 644 3613 similiter
668 3550 840 3613 emendam
863 3566 930 3614 non
952 3548 1086 3613 solvent
1107 3552 1225 3630 tester,
1242 3548 1299 3629 qui
1315 3567 1381 3615 non

175 3657 274 3720 tacta
299 3669 397 3719 cruce
413 3669 474 3733 per
485 3650 629 3734 judicem
647 3668 681 3715 m
697 3668 810 3716 eorum
828 3650 970 3716 animam
987 3650 1187 3735 interrogati
1203 3642 1381 3734 deponunt,

176 3776 241 3823 nec
265 3754 411 3838 partium
434 3754 546 3835 aliqua
570 3753 776 3836 obligabitur
799 3756 842 3819 ad
866 3757 1013 3820 eandem.

286 3858 333 3925 Et
354 3863 466 3942 nota,
489 3858 620 3938 quadis
638 3866 772 3926 nonest
791 3857 959 3942 obligatus
976 3861 1143 3940 emendae,
1159 3858 1217 3939 qui
1234 3862 1380 3924 steuram

177 3967 235 4034 vel
258 3964 430 4046 ungeltum
453 3963 641 4046 neglexerit
664 3965 752 4045 dare,
784 3961 863 4043 qnia
886 3961 965 4028 talis
989 3961 1156 4046 neglectio
1182 3962 1380 4029 officialibus

179 4067 387 4134 dominorum
410 4085 470 4132 seu
494 4067 709 4134 collectorum
732 4068 834 4132 debet
857 4066 1024 4147 imputari.

288 4197 360 4259 228.
382 4194 437 4259 Aa
459 4196 552 4259 idem.
580 4195 766 4264 Diffinitum
790 4202 853 4279 est,
877 4199 963 4276 quod
997 4196 1100 4262 verba
1128 4193 1241 4277 jocose
1272 4213 1382 4261 coram

176 4301 304 4384 jnratis
327 4301 458 4382 prolata
481 4319 548 4366 non
579 4302 704 4367 debent
736 4303 916 4382 emendari,
952 4300 1030 4380 quia
1066 4317 1123 4380 pro
1154 4300 1230 4384 joco
1265 4300 1383 4367 merito

181 4407 309 4471 debent
336 4407 496 4485 reputari.
