3275 5009
236 345 288 397 356
757 334 910 391 Addenda:

235 552 378 617 taberna
400 546 578 626 quidquam
601 544 777 624 audierint,
806 546 986 609 accusatus
1009 543 1052 607 ab
1069 538 1118 605 eis
1134 538 1226 605 dicta
1242 555 1303 601 sna
1320 552 1428 601 aaran

233 654 357 739 judicio
382 650 508 734 poterit
530 665 700 715 revocare.
724 646 788 732 (VI
820 646 839 730 ξ
864 642 972 731 3-6.)

336 758 771 832 263.1temdefa1sis
804 756 1003 823 denariis
1027 755 1063 820 Si
1086 754 1164 820 falsi
1186 752 1317 820 denarii
1338 752 1426 833 apud

235 870 378 950 aliquem
409 868 584 933 honestum
617 862 723 929 virum
754 861 886 927 inventi
916 859 1042 927 fuerint
1076 865 1111 924 et
1134 859 1161 925 si
1186 858 1272 923 idem
1304 856 1429 923 dixerit

236 973 300 1041 sibi
323 971 410 1038 tales
434 968 589 1036 denarias
612 986 688 1034 esse
722 968 821 1033 datos
855 968 897 1032 ab
932 965 997 1031 alio
1033 965 1105 1031 viro
1140 963 1279 1029 illaesae
1312 961 1429 1042 famae,

234 1077 441 1158 respondens
475 1073 704 1155 metsaptimus
737 1090 774 1137 se
808 1071 927 1137 melius
960 1086 1147 1152 expurgare
1182 1068 1309 1149 poterit
1332 1085 1429 1146 quam

235 1187 331 1249 actor
352 1198 428 1246 eum
461 1178 568 1260 possit
599 1178 735 1243 vincere
768 1174 1009 1255 metseptimns.
1043 1172 1079 1239 Si
1114 1179 1225 1239 autem
1259 1170 1430 1253 professus

235 1284 340 1351 fuerit
361 1302 398 1350 se
421 1304 441 1350 a
464 1280 648 1348 monetario
681 1281 769 1347 tales
791 1278 961 1360 recepisse
992 1277 1158 1355 denariae,
1191 1282 1315 1343 extunc
1347 1282 1429 1342 mat-

235 1388 397 1469 septimus
408 1386 627 1454 monetarium
640 1384 839 1452 convincere
851 1382 968 1449 melius
980 1381 1106 1463 poterit
1117 1399 1215 1461 quam
1227 1383 1429 1447 monetarius

235 1510 273 1559 se
295 1492 405 1574 possit
427 1489 657 1572 metseptimus
682 1506 879 1573 expurgare.
904 1485 1008 1572 (VH.)

340 1608 417 1675 264.
440 1604 528 1670 Van
549 1605 624 1669 der
645 1602 812 1685 holung.
834 1601 875 1666 In
898 1600 1050 1666 omnibus
1073 1600 1194 1683 causis,
1217 1618 1302 1680 quae
1318 1616 1428 1665 caram

231 1708 366 1794 judiciis
399 1711 592 1774 tractantur
628 1726 648 1771 a
684 1704 773 1771 festo
807 1706 1010 1771 Natiuitatis
1044 1704 1176 1771 Domini
1212 1721 1318 1784 usqne
1353 1709 1430 1785 past

235 1819 373 1880 octavas
386 1814 523 1892 Pascae,
536 1810 684 1892 proxima
695 1809 781 1876 feria
796 1817 903 1890 sexta,
918 1828 983 1890 qua
999 1807 1052 1875 die
1063 1807 1190 1893 judicia
1207 1812 1429 1891 peremptorio

174 1906 176 1909 ’
235 1917 489 1997 praesidendum
512 1919 574 1997 est,
597 1916 739 1995 quisque
755 1914 850 1984 homo
866 1914 1079 1980 iterationem
1096 1931 1327 1994 suaecausae,
1342 1916 1430 1994 quod

235 2020 335 2103 vulga
367 2020 531 2103 erholung
563 2019 696 2102 dicitur,
723 2020 850 2085 habere
880 2018 1013 2100 poterit,
1046 2036 1143 2097 quam
1173 2016 1208 2083 in
1232 2018 1285 2083 die
1312 2018 1429 2099 judicii

236 2124 451 2206 peremptorii
484 2123 595 2188 nullus
634 2124 756 2187 habere
792 2122 924 2203 poterit.
972 2121 1125 2206 Quatuor
1160 2127 1273 2187 autem
1311 2140 1429 2187 causas

234 2228 418 2309 excipimus
452 2230 494 2292 ad
518 2228 581 2293 hac
599 2226 715 2311 rigore
738 2226 829 2306 iuris,
853 2226 920 2291 vid.
943 2226 1163 2309 homicidium,
1186 2235 1336 2308 stuprum
1356 2226 1430 2293 sive

234 2332 448 2398 violationem
473 2332 649 2415 virginum,
672 2329 789 2397 vitium
807 2329 971 2397 falsitatis
988 2332 1199 2397 denariorum
1216 2329 1270 2396 vel
1286 2331 1428 2413 argenti,

234 2436 442 2503 invasionem
476 2439 598 2502 domus.
636 2438 723 2515 qnod
760 2434 949 2519 vulgariter
979 2436 1161 2517 heymsuch
1193 2435 1324 2501 dicitur.
1363 2436 1429 2501 Pro

235 2559 372 2619 quarum
411 2541 562 2619 qnalibet
598 2558 718 2605 causas
751 2539 780 2604 si
812 2540 908 2604 homa
941 2539 1115 2605 convictus
1148 2537 1260 2620 fuerit,
1293 2540 1327 2605 in
1357 2541 1429 2606 vita

234 2648 441 2725 dampnatur.
465 2643 501 2709 Si
524 2644 709 2723 aliquarum
727 2645 842 2710 harum
859 2652 1034 2709 cansarum
1049 2642 1085 2709 iu
1107 2644 1194 2709 diem
1213 2643 1331 2728 judicii
1357 2663 1429 2726 par-

234 2748 388 2829 emptorii
397 2748 580 2831 judicanda
591 2748 760 2825 ceciderit,
772 2766 850 2814 reus
862 2764 996 2812 causam
1008 2765 1100 2813 suam
1113 2747 1287 2813 induciare
1303 2750 1429 2831 poterit

233 2869 338 2931 usque
365 2851 510 2917 indiam
542 2851 720 2932 proximam
750 2858 960 2931 sequentem,
991 2852 1113 2916 iterum
1145 2854 1187 2916 ab
1220 2852 1276 2918 illo
1308 2854 1363 2918 die
1393 2854 1429 2919 in

234 2956 319 3021 diem
342 2956 489 3036 tertiam,
513 2954 547 3021 in
570 2974 635 3036 qua
656 2956 746 3022 nullo
770 2955 922 3021 ulteriori
949 2955 1090 3021 termino
1123 2959 1261 3023 obtenta
1295 2965 1430 3039 oportet

234 3060 289 3126 vel
309 3060 419 3143 gratia
440 3060 688 3141 compositionis
709 3059 763 3126 vel
778 3060 866 3138 ¹iuris
882 3061 996 3143 vigore
1019 3080 1093 3127 eam
1109 3062 1289 3127 terminari.
1306 3062 1429 3129 Omnes

234 3182 352 3230 causas
376 3162 440 3227 hiis
463 3164 587 3229 similes
611 3167 725 3230 eodem
744 3165 819 3247 jure
844 3163 996 3230 volumus
1019 3164 1200 3231 terminari.
1219 3164 1347 3251 (XV.).

336 3275 449 3359 suta)
468 3276 524 3341 De
540 3276 937 3358 appellationibus
955 3277 1154 3359 Cuicumque
1178 3297 1287 3344 caram
1300 3279 1428 3361 judicio

233 3386 268 3447 et
280 3380 403 3464 juratis
427 3381 624 3446 habundans
644 3380 780 3465 justitia
802 3380 895 3448 facta
915 3381 1017 3449 fuerit
1033 3386 1068 3448 et
1082 3382 1173 3449 illam
1189 3389 1428 3465 contempnens

231 3485 380 3566 appellat
403 3485 552 3550 indebite
576 3486 618 3549 ad
642 3485 807 3551 dominum
824 3491 952 3571 regem:
977 3489 1083 3553 stabit
1098 3487 1133 3553 in
1149 3505 1256 3569 paena
1272 3488 1307 3553 X
1320 3488 1428 3555 talen-

231 3596 349 3655 torum.
387 3588 423 3654 Si
461 3594 575 3654 autem
612 3591 716 3673 judex
754 3596 789 3656 et
827 3591 930 3675 jurati
972 3591 1036 3657 sibi
1080 3609 1146 3656 non
1188 3590 1429 3677 satisfecerint,

232 3699 354 3759 extunc
378 3692 482 3760 libere
506 3693 662 3759 adalind
692 3692 853 3775 judicium
887 3694 1079 3776 appellabit,
1113 3699 1290 3776 postquam
1322 3695 1429 3763 fuerit

228 3798 363 3879 justitia
386 3799 562 3880 denegata.
586 3797 637 3863 De
662 3798 836 3879 praedicta
866 3804 978 3864 autem
1013 3801 1154 3879 pecunia
1188 3803 1273 3866 duae
1309 3808 1426 3883 partes

234 3902 355 3966 cedent
373 3900 488 3981 J'udioi,
511 3901 615 3967 tertia
634 3900 767 3983 juratis.
791 3902 897 3987 (XX)

335 4003 449 4088 asta)
474 4004 633 4071 Volumus
656 4005 767 4089 etiam,
790 4008 878 4085 quod
902 4006 1012 4073 nullus
1035 4026 1144 4073 coram
1167 4009 1278 4089 aliqua
1300 4010 1428 4092 judicio

231 4111 273 4173 de
290 4107 439 4189 pluribus
459 4109 572 4175 causis
587 4110 736 4176 incusari
752 4110 858 4192 possit
874 4130 972 4191 quam
990 4113 1031 4176 de
1047 4111 1164 4178 tribus.
1188 4111 1313 4198 (XIX)

336 4211 449 4298 asoa)
474 4212 560 4296 Quo
584 4216 791 4295 captivus
815 4236 889 4297 pro
913 4215 1427 4285 debitisdebeatteneri.

233 4314 268 4380 Si
306 4317 381 4395 quis
419 4316 517 4383 alium
553 4336 611 4397 pro
645 4319 768 4383 debitis
802 4320 873 4384 suis
908 4320 941 4385 in
972 4321 1099 4404 judicio
1134 4321 1326 4403 detinuerit,
1359 4342 1427 4389 nan
