3275 5009
280 368 333 434 258
472 323 475 328 ⁴
796 362 962 417 Sententiae

279 573 447 654 aliquibus
471 571 693 654 personaliter
715 590 781 637 non
804 569 1031 637 interfuerunt
1054 574 1089 636 et
1105 570 1223 652 adhue,
1247 586 1330 651 quae
1351 586 1371 633 a
1394 568 1468 650 suis,

280 696 390 745 eoram
422 677 541 758 quibus
580 694 701 742 causae
735 675 920 742 ventilatae
962 692 1021 740 seu
1063 672 1226 755 promissa
1259 670 1349 737 faeta
1387 676 1472 753 sunt,

279 782 419 850 audiunt
443 781 635 864 conjuratis,
659 779 887 846 testimonium
908 777 999 845 ferre
1023 783 1172 860 possunt.

385 922 459 996 676.
491 921 540 983 De
564 920 746 984 testimonio
766 922 967 1003 juratorem,
995 925 1105 980 utrum
1126 917 1256 1000 possint
1276 918 1396 1001 ,restari
1411 936 1473 999 per

280 1024 408 1088 litterae
432 1035 529 1089 extra
538 1025 706 1110 judicium
718 1024 898 1107 propriam
914 1024 952 1087 de
969 1022 1122 1106 infamia.
1147 1021 1171 1089 J
1172 1021 1261 1088 urati
1278 1024 1319 1088 de
1336 1022 1375 1086 A.
1390 1020 1424 1087 in
1439 1022 1473 1087 B.

280 1130 464 1205 venientes,
496 1130 693 1210 petiverunt
716 1130 809 1211 duos,
832 1129 890 1208 qui
912 1126 1035 1195 ibidem
1058 1128 1093 1193 in
1115 1127 1153 1192 B.
1177 1144 1381 1208 perannum
1405 1143 1474 1191 eum

279 1234 415 1300 dimidio
445 1234 661 1300 residentiam
692 1231 846 1300 fecerant
876 1238 912 1298 et
942 1233 1084 1298 honeste
1115 1250 1151 1297 se
1182 1234 1475 1312 conservaverant,

281 1337 374 1419 eapi;
397 1335 558 1418 dieentes
582 1338 668 1417 quod
692 1353 753 1418 per
775 1336 909 1403 litteras
932 1336 1044 1419 oppidi
1061 1336 1101 1401 de
1118 1337 1156 1401 A.
1173 1328 1263 1417 ipsos
1280 1334 1474 1401 convincere

281 1442 418 1523 vellent,
440 1443 527 1522 quod
551 1445 665 1507 essent
684 1440 835 1506 fautores
853 1448 887 1507 et
904 1441 986 1506 sotii
1002 1440 1232 1515 maleficorum,
1250 1440 1307 1518 qui
1322 1438 1475 1521 oppidum

280 1545 315 1610 in
339 1546 377 1610 A.
402 1545 526 1627 pluries
549 1549 756 1611 cremassent
772 1550 807 1609 et
826 1545 933 1612 adhue
950 1545 1088 1610 cottidie
1106 1549 1302 1611 cremarent.
1326 1544 1382 1609 Illi
1397 1562 1474 1609 vero

280 1655 444 1733 negantes
469 1650 663 1730 petiverunt
686 1669 745 1732 pro
769 1668 806 1715 se
831 1650 1043 1731 sententieri,
1058 1654 1168 1715 utrum
1184 1649 1248 1715 fide
1266 1650 1365 1733 digno
1382 1647 1475 1713 testi·

280 1755 388 1819 monio
411 1760 464 1819 tot
487 1757 663 1835 proborum
687 1755 844 1831 virorum,
868 1754 956 1820 siout
975 1755 1030 1837 jus
1054 1753 1204 1834 requirit,
1235 1772 1300 1819 non
1331 1755 1475 1818 debeant

281 1862 316 1922 et
343 1857 475 1939 possint
505 1858 618 1939 potius
649 1876 769 1938 eorpus
799 1866 836 1924 et
864 1857 985 1923 famam
1016 1878 1108 1923 suam
1139 1861 1258 1924 bonam
1289 1856 1476 1937 defendere,

282 1980 379 2041 quam
411 1962 550 2029 infames
574 1963 708 2043 probari
733 1980 792 2043 per
814 1962 949 2028 litteras
981 1963 1244 2043 qualescumque.
1276 1963 1384 2042 Super
1414 1979 1474 2041 quo

281 2066 516 2137 diffinitum
550 2072 626 2149 est,
661 2070 746 2147 quod
783 2069 826 2132 ad
861 2067 935 2149 plus
969 2086 1030 2148 per
1060 2074 1188 2147 septem
1212 2071 1318 2131 testes
1341 2066 1475 2131 idoneos

281 2174 346 2238 duo
370 2171 501 2251 possint
523 2171 645 2236 famam
669 2182 703 2237 et
723 2173 880 2237 honorem
896 2190 989 2237 suum
1006 2173 1166 2247 obtinere,
1183 2189 1248 2237 non
1266 2171 1474 2237 obstantibus

279 2276 405 2341 litteris
430 2275 699 2355 quibuscumque.
729 2277 836 2357 Unde,
868 2295 940 2342 eum
964 2276 1192 2357 praestantior
1214 2276 1260 2340 sit
1282 2278 1368 2339 bona
1391 2274 1476 2340 fama

282 2398 379 2460 quam
405 2381 500 2460 mala,
522 2379 635 2459 potius
666 2380 856 2447 admittitur
885 2381 1006 2460 aliquis
1037 2382 1079 2448 ed
1112 2378 1354 2445 defendendum
1385 2397 1476 2445 suam

278 2486 400 2549 bonam
421 2482 551 2566 famam,
575 2502 671 2562 quam
694 2486 781 2562 quod
806 2488 967 2565 probetur
988 2484 1130 2550 infamis

383 2624 456 2687 677.
480 2621 531 2684 De
551 2623 801 2686 indeterminato
808 2628 998 2707 juratorum
1015 2625 1204 2688 testimonio.
1227 2625 1332 2690 Actor
1354 2624 1470 2690 volens

279 2727 416 2793 vindere
449 2745 540 2792 reum
575 2745 634 2807 pro
668 2728 802 2809 debitis,
839 2729 872 2792 in
908 2733 1029 2795 testem
1061 2730 1219 2809 produxit
1238 2731 1399 2813 juratum,
1423 2729 1475 2810 qui

280 2831 435 2912 deposuit
459 2829 524 2896 sie:
549 2832 662 2913 „Bene
686 2833 852 2909 reeordor,
875 2850 967 2898 reum
991 2833 1177 2899 consessum
1201 2852 1274 2899 esse
1293 2853 1401 2901 eoram
1418 2851 1476 2915 me,

280 2938 367 3016 quod
389 2934 497 3001 aetori
519 2936 554 3002 in
579 2936 720 3015 pecunia
743 2941 908 3015 teneatur,
932 2938 1156 3017 quantitatem
1172 2945 1282 3005 autem
1306 2938 1476 3020 pecuniae,

281 3040 359 3118 quia
382 3039 506 3104 oblitus
530 3058 610 3117 sum,
634 3039 858 3105 determinate
881 3047 969 3107 seire
992 3061 1057 3107 non
1081 3044 1243 3125 possum.“
1269 3042 1341 3125 Quo
1362 3042 1475 3108 audito

283 3160 361 3207 reus
385 3144 575 3222 respondit:
601 3143 796 3226 ,Confiteor,
818 3162 871 3208 me
894 3145 958 3211 sibi
981 3148 1090 3213 teneri
1114 3148 1148 3214 in
1171 3148 1279 3213 media
1300 3166 1474 3230 sexagena,

282 3253 317 3313 et
340 3264 473 3329 quaero,
498 3254 608 3312 utrum
632 3249 705 3329 ipsa
737 3250 848 3314 soluta
881 3253 1059 3316 seeundum
1091 3252 1334 3334 depositionem
1362 3253 1475 3335 J‘urati,

280 3350 337 3431 qui
373 3350 496 3416 nullum
527 3352 783 3417 determinatum
815 3354 978 3441 pecuniae
1011 3373 1180 3421 numerum
1215 3355 1379 3438 exprimit,
1413 3374 1475 3421 non

280 3457 343 3521 sim
368 3458 409 3519 ab
435 3455 504 3537 ejus
528 3454 743 3532 querimoniis
766 3457 986 3523 absolutus?“
1019 3458 1126 3540 Super
1156 3480 1219 3541 quo
1243 3459 1475 3525 diffinitum

278 3558 381 3624 fuit:
405 3557 442 3621 Si
464 3557 553 3622 ultra
577 3557 773 3624 solutionem
807 3562 936 3626 mediae
969 3580 1157 3646 sexagenee
1190 3568 1285 3629 actor
1316 3583 1407 3629 reum
1435 3566 1474 3630 de

280 3662 430 3745 pluribus
453 3661 645 3744 impetierit,
670 3682 730 3743 pro
754 3663 821 3727 illis
846 3664 919 3741 sibi,
944 3670 1188 3733 nonobstante
1214 3667 1351 3735 contusa
1379 3669 1474 3750 depo·

279 3766 401 3831 sitione
421 3767 535 3847 jurati,
559 3770 739 3832 seeundum
759 3767 925 3850 justitiam
948 3772 1183 3853 respondebit3
1220 3792 1307 3857 vaga
1332 3774 1474 3839 enimet

279 3870 408 3934 ineerta
432 3870 595 3951 depositio
616 3872 731 3955 jurati,
756 3872 843 3937 sieut
860 3874 967 3939 autori
990 3894 1056 3940 non
1079 3879 1247 3957 prodesse,
1271 3878 1320 3943 sia
1336 3896 1392 3942 reo
1410 3894 1473 3942 non

278 3974 399 4038 obesse
422 3974 670 4041 rationabiliter
689 3976 869 4058 judicatur.

384 4113 456 4177 678.
482 4111 574 4183 Quod
598 4116 817 4176 testimoniam
833 4119 1024 4199 juratorum
1055 4120 1099 4181 ad
1128 4112 1471 4201 monitionem‘partie,

278 4236 341 4298 pro
365 4237 429 4297 qua
443 4214 568 4299 fertur,
592 4220 714 4302 corrept
732 4229 853 4301 potest.
886 4222 985 4289 Lieet
1004 4225 1138 4307 juratus
1163 4243 1272 4291 eorem
1291 4224 1416 4305 Judioio
1439 4222 1472 4287 in

279 4320 508 4387 testimonium
530 4324 712 4403 productus
737 4326 779 4388 ad
803 4327 1015 4393 monitionem
1039 4327 1156 4410 partis,
1185 4347 1332 4409 proque
1356 4326 1472 4393 testari
