3275 5009
1414 358 1750 412 Bruuenses.
2710 362 2780 414 53

362 566 725 634 meliorem
771 566 977 633 vicini
1010 567 1455 634 conditionem
1487 586 1608 649 per
1638 586 1760 634 nos
1790 568 1939 635 fieri
1968 586 2184 650 posse,
2216 570 2338 635 sed
2372 568 2770 635 deteriorem

379 688 518 736 non
590 688 804 753 posse,
874 670 1004 736 nisi
1070 670 1324 752 aliquid
1386 672 1771 738 nominatim
1839 671 1909 738 in
1977 670 2314 739 servitute
2381 670 2779 754 imponenda

364 784 742 856 exceptum
788 775 899 841 sit.

593 879 686 945 Et
732 886 839 945 est
883 880 1007 945 hoc
1054 879 1368 963 generale
1413 879 1483 946 in
1529 881 1832 948 omnibus
1880 878 2343 961 servitutibuS,
2405 880 2475 948 in
2535 881 2775 962 quibus

377 982 647 1051 vicinus
695 983 915 1050 vicino
964 988 1033 1050 et
1078 987 1313 1051 domus
1361 984 1578 1051 domui
1640 985 1888 1066 servit3
1950 984 2316 1068 cujusmodi
2363 990 2551 1051 sunt:
2595 983 2774 1053 fene·

362 1094 677 1154 strar-um
744 1092 813 1154 et
870 1088 1185 1156 luminum
1250 1088 1320 1155 111
1388 1090 1639 1156 curiam
1697 1088 1905 1157 vicini
1959 1090 2274 1171 receptio,
2321 1088 2773 1156 aedificiorum

363 1192 588 1257 altior
633 1192 975 1275 exaltatio,
1022 1192 1410 1275 specialium
1454 1193 1782 1275 parietum
1812 1193 2073 1260 ratione
2106 1192 2291 1275 pacis
2323 1193 2547 1275 factio,
2580 1193 2772 1261 stilli-

360 1295 701 1364 cidiorum
746 1297 1011 1365 aversio
1058 1298 1172 1365 vel
1214 1298 1282 1364 in
1330 1298 1564 1366 canale
1611 1298 1721 1366 vel
1781 1299 1850 1364 in
1910 1302 2163 1365 tectum
2220 1296 2332 1367 vel
2392 1298 2461 1364 in
2517 1303 2772 1365 terram

358 1401 628 1483 captio,
659 1402 1187 1469 immitendorum
1232 1402 1568 1486 tignorum
1615 1402 1683 1469 in
1721 1402 2048 1484 parietem
2082 1402 2291 1469 vicini
2320 1400 2568 1485 missio,
2598 1401 2773 1470 fora·

358 1506 627 1572 minum
687 1506 1111 1586 antiquorum
1171 1506 1515 1589 ampliatio
1585 1506 1696 1574 vel
1763 1506 2072 1590 arctatio,
2140 1507 2250 1575 vel
2311 1511 2627 1587 quantum
2687 1509 2774 1573 ad

367 1628 719 1677 numerum
751 1610 1220 1693 multiplicatio
1251 1611 1360 1678 vel
1392 1611 1766 1695 minoi-atie,
1797 1611 1908 1678 vel
1932 1611 2003 1678 in
2026 1611 2159 1678 alio
2182 1610 2345 1694 loce,
2371 1629 2564 1691 quam
2590 1610 2771 1693 prius

362 1714 526 1781 fieri
573 1715 937 1794 consuevit,
984 1732 1159 1783 nova
1205 1714 1468 1799 positio,
1513 1722 1585 1782 et
1613 1714 1713 1781 sic
1745 1717 1828 1782 de
1859 1714 2083 1783 multis
2115 1713 2266 1782 aliis
2300 1713 2771 1784 consimilibus·

586 1854 690 1916 81.
731 1851 921 1939 (Br.)
953 1853 1055 1917 De
1087 1874 1257 1937 aqua
1287 1851 1535 1927 fontali
1562 1861 1623 1917 et
1638 1853 1936 1939 fontium
1951 1852 2272 1936 fossione.
2315 1853 2419 1919 De
2451 1852 2767 1921 Scardicz

353 1959 861 2042 interrogatum
909 1961 1033 2039 est,
1077 1957 1323 2039 inqua
1369 1957 1695 2024 distantia
1739 1957 1959 2025 vicino
2005 1977 2047 2025 a
2096 1956 2283 2024 fonte
2316 1956 2540 2039 vicini,
2575 1976 2766 2038 quem

370 2062 614 2128 habuit
673 2065 757 2129 ab
820 2063 1116 2146 antiquo,
1178 2080 1420 2130 novum
1480 2061 1733 2130 fontem
1789 2062 2019 2129 fodere
2065 2060 2315 2129 liceat?
2377 2061 2592 2143 Super
2638 2081 2767 2143 quo

355 2189 408 2235 2·
428 2185 515 2232 es
535 2188 575 2250 p
594 2184 881 2233 onsum
907 2170 1031 2249 est,
1055 2168 1230 2247 quod
1254 2167 1323 2233 111
1346 2184 1467 2233 suo
1497 2168 1702 2234 iundo
1735 2166 2010 2234 cuilibet
2039 2166 2202 2233 licet
2237 2166 2485 2232 fontem
2519 2165 2766 2246 fodere,

359 2274 473 2338 ita
520 2270 913 2354 profundum
958 2271 1137 2337 sicut
1178 2270 1423 2353 placet,
1466 2271 1644 2338 sicut
1692 2275 1762 2337 et
1805 2271 1875 2338 in
1920 2270 2130 2336 altum
2177 2268 2534 2337 aedificare
2596 2270 2764 2339 nulli

357 2376 781 2458 prohibetur.
828 2375 922 2441 Et
968 2375 1270 2455 quamvis
1317 2375 1386 2441 in
1434 2394 1554 2442 suo
1600 2374 1879 2459 fodiensi,
1941 2373 2145 2442 vicini
2201 2380 2472 2442 avertat
2516 2374 2767 2442 fontem

368 2482 485 2547 vel
519 2480 832 2561 exsiccet,
878 2485 1103 2547 tamen
1149 2486 1424 2563 propter
1467 2481 1592 2548 hoc
1639 2500 1785 2547 cum
1828 2480 1974 2563 ipso
2023 2480 2134 2565 agi
2178 2498 2309 2547 non
2355 2484 2595 2562 potest,
2642 2496 2768 2547 nec

356 2585 577 2652 etiam
623 2584 875 2651 actioni
919 2584 1004 2651 de
1052 2584 1220 2664 dolo,
1278 2584 1338 2651 si
1385 2604 1515 2653 non
1575 2586 1792 2651 animo
1856 2583 2158 2667 nocendi,
2219 2586 2339 2650 sed
2398 2584 2500 2650 sui
2561 2602 2765 2652 causa

366 2688 714 2772 profectus
745 2688 814 2755 id
842 2687 1024 2755 fecit.
1055 2688 1229 2755 Item
1253 2688 1365 2769 qui
1388 2689 1596 2755 habet
1617 2690 1926 2755 haustum
1950 2687 2157 2755 fontis
2180 2687 2460 2770 alicujus
2488 2689 2570 2754 de
2587 2687 2761 2771 jnre,

352 2794 506 2861 iter
528 2810 787 2873 quoque
813 2793 1064 2860 habere
1088 2792 1357 2860 videtur
1381 2794 1467 2859 ad
1487 2792 1943 2861 hauriendum.
1962 2792 2180 2879 (Sicut
2197 2792 2402 2858 etiam
2421 2791 2760 2874 tugurium

353 2899 440 2965 in
456 2905 572 2964 tuo
592 2897 750 2965 mihi
770 2898 1018 2964 habere
1033 2896 1213 2979 licet,
1229 2897 1286 2964 si
1313 2897 1525 2964 habeo
1555 2914 1946 2978 pascuorum
1971 2894 2414 2981 servitutem.)
2433 2895 2763 2976 Equitare

361 3022 529 3072 vero
576 3003 686 3069 vel
734 3021 876 3068 cum
926 3020 1125 3068 curru
1169 3000 1422 3068 fontem
1468 3003 1790 3069 accedere
1836 3002 1934 3068 illi
1981 3000 2321 3083 nonlicet,
2351 2999 2759 3082 quitantum

352 3108 504 3175 iter
548 3108 633 3173 ad
679 3106 1117 3173 hauriendum
1162 3106 1384 3172 habet.
1432 3106 1604 3172 Item
1653 3106 1710 3171 si
1753 3105 1923 3189 fona,
1955 3106 2067 3187 qui
2099 3097 2462 3187 serviebat,
2493 3102 2764 3170 exaruit

352 3217 439 3277 et
463 3229 585 3294 per
607 3210 876 3292 longum
900 3213 1161 3290 tempus
1191 3208 1433 3276 iterum
1466 3208 1673 3276 fluere
1708 3210 1945 3294 coepit,
1977 3209 2270 3276 servitus
2304 3210 2759 3292 recuperatur,

353 3316 523 3397 quia
554 3332 686 3381 non
718 3331 839 3396 per
868 3312 1350 3397 negligentiam
1382 3314 1491 3380 vel
1524 3314 1786 3397 culpam
1818 3312 1978 3380 talis
2009 3313 2302 3380 servitus
2335 3312 2580 3379 amissa
2611 3311 2758 3378 fuit.

575 3471 679 3537 81.
712 3469 892 3557 (Pr.)
937 3468 1040 3532 De
1071 3467 1397 3553 fontibus.
1446 3468 1574 3551 Qui
1619 3470 1932 3536 haustum
1981 3468 2182 3539 fontis
2230 3469 2452 3549 habet,
2498 3468 2634 3534 iter
2671 3469 2759 3534 ad

349 3576 616 3642 fontem
661 3576 912 3642 habere
942 3573 1229 3641 videtur.
1277 3572 1406 3656 Qui
1439 3572 1643 3640 etiam
1673 3572 1806 3639 iter
1836 3579 2098 3639 tantum
2129 3574 2216 3638 ad
2245 3571 2497 3637 fontem
2528 3571 2756 3653 habet,

353 3665 512 3748 cum
569 3696 768 3746 curru
828 3678 928 3746 illi
987 3679 1312 3744 accedere
1373 3695 1505 3744 non
1562 3676 1742 3744 licet.
1822 3676 2024 3760 FonS,
2055 3754 2060 3758 ,
2093 3676 2208 3758 qui
2252 3674 2618 3741 'exaruerit
2684 3680 2757 3742 et

357 3784 607 3850 iterum
650 3783 856 3850 fluere
902 3782 1222 3867 coeperit,
1267 3782 1562 3850 servitus
1614 3800 1748 3848 non
1810 3780 2162 3865 amittitur,
2223 3781 2380 3860 quia
2442 3797 2573 3845 non
2635 3799 2756 3862 per

351 3886 843 3973 negligentiam
886 3888 999 3954 vel
1044 3886 1308 3969 culpam
1355 3886 1514 3953 talis
1559 3885 1856 3954 servitus
1904 3891 2011 3953 est
2058 3884 2319 3951 amissa.

922 4074 1403 4158 Capitulum
1448 4075 1568 4144 VI:
1635 4075 1754 4142 De
1801 4074 2194 4142 arbitris.

567 4214 671 4280 82.
720 4212 898 4301 (B-r.)
955 4215 1055 4278 De
1101 4212 1377 4277 arbitris
1424 4223 1485 4277 et
1529 4210 1930 4277 consiliariis
1977 4219 2048 4275 in
2088 4233 2331 4298 qaaere.
2390 4210 2438 4276 J
2440 4211 2622 4277 urati
2667 4213 2750 4279 de

351 4318 682 4386 Praczaw
756 4319 840 4385 de
913 4316 1188 4385 arbitris
1263 4324 1333 4385 et
1403 4316 1801 4386 consiliariis
1871 4320 1940 4383 et
2009 4315 2498 4384 conditionibus
2567 4313 2751 4384 circa
