3275 5009
236 338 274 390 60
755 338 920 394 Sententiae

237 548 274 615 iu
297 546 334 624 V,
357 548 579 614 concordasse
602 546 771 631 videntur,
798 564 840 614 ex
863 565 911 631 eo,
942 550 1029 629 quod
1053 549 1127 631 plus
1154 548 1189 617 in
1212 566 1248 617 se
1273 550 1434 632 continet,

235 653 327 734 quod
350 658 403 719 est
426 653 543 719 miuus.

342 755 427 825 Item
451 756 482 823 si
504 761 574 822 tres
598 756 699 824 electi
729 756 799 823 siut
822 757 951 837 arbitri,
982 759 1046 825 duo
1076 763 1236 841 poterunt
1265 758 1300 825 iu
1332 777 1434 826 eausa

238 864 421 947 procedere
444 866 479 929 et
502 862 609 944 ipsam
631 861 786 940 diffinire,
813 864 844 931 si
867 863 988 932 tertius
1022 864 1148 931 citatus
1182 864 1348 931 malitiose
1379 864 1434 941 vel

237 967 428 1036 voluntarie
459 964 545 1034 nolit
574 968 703 1050 adesse,
734 969 810 1033 dum
843 973 955 1035 tamen
981 968 1074 1052 justo
1103 968 1338 1051 impedimento
1368 986 1434 1035 nou

233 1072 450 1155 impediatur,
477 1070 573 1139 acsi
598 1089 758 1153 praeseus
782 1078 891 1154 esset3
913 1073 992 1154 quia
1016 1092 1110 1141 omne
1133 1072 1310 1139 arbitrium
1332 1075 1432 1140 debet

236 1179 420 1261 procedere
436 1181 471 1243 et
486 1195 552 1244 uon
574 1178 797 1261 retrocedere,
820 1178 887 1247 uisi
910 1178 1041 1263 tertius,
1062 1183 1101 1245 ut
1123 1177 1328 1259 dictumest,
1349 1177 1432 1261 legi·

234 1281 317 1349 time
340 1280 568 1365 impediretur.

340 1440 392 1504 89.
415 1437 466 1501 De
489 1437 626 1518 arbitro,
650 1446 804 1523 quartum
827 1440 872 1504 ad
885 1438 1013 1525 judicia
1029 1436 1305 1525 jurisdictionem.
1338 1440 1433 1505 Post·
1526 1430 1530 1439 '

233 1563 333 1651 quapr
357 1560 460 1610 causa
486 1542 625 1611 arbitris
659 1548 712 1611 est
743 1544 925 1622 commissa,
957 1551 1037 1612 tuuc
1067 1549 1228 1627 quantum
1258 1545 1304 1609 ad
1326 1543 1431 1627 ipsam

198 1722 202 1727 ,
235 1647 421 1715 auotoritas
443 1647 564 1733 judicis
589 1648 790 1733 exspiravit;
814 1654 1056 1732 potesttamau
1073 1653 1187 1733 partes
1204 1649 1430 1716 adservanda

234 1752 429 1820 necessaria
453 1752 651 1835 compellere
681 1754 754 1838 ipso
779 1755 867 1840 jure.
897 1754 985 1823 item
1014 1755 1218 1823 arbitrorum
1247 1752 1429 1835 assumptio

227 1856 338 1943 judici
372 1857 406 1924 iu
438 1856 508 1924 suis
536 1858 668 1943 juribus
703 1877 769 1925 nou
802 1859 1024 1944 praejudicet.
1058 1860 1111 1927 Ex
1143 1859 1316 1941 protervia
1349 1874 1428 1925 vero

234 1962 448 2048 temeritatis,
470 1962 499 2030 si
522 1968 637 2046 partes
665 1982 730 2031 uou
753 1971 872 2048 rogato
899 1964 1011 2049 judice
1041 1966 1077 2031 iu
1107 1964 1253 2031 arbitros
1284 1980 1429 2045 compro·

234 2066 398 2146 miserint,
430 2069 678 2152 compromissio
701 2069 852 2153 vigorem
874 2069 1013 2137 habebit
1036 2074 1072 2135 et
1094 2067 1265 2151 quaelibet
1287 2066 1429 2150 partium

232 2171 344 2239 solvat
367 2171 503 2239 LXXII
526 2192 648 2255 parvos
672 2192 731 2256 pro
756 2175 904 2242 emenda.

338 2330 391 2397 90.
414 2328 465 2395 De
488 2350 641 2395 consensa
666 2331 700 2393 ira
722 2329 866 2395 arbitros
882 2330 989 2417 facto.
1014 2330 1050 2397 Si
1072 2330 1125 2397 vir
1140 2330 1175 2396 iu
1191 2329 1338 2395 arbitros
1355 2345 1430 2395 con·

232 2435 390 2517 senserit,
413 2453 452 2502 eo
474 2439 605 2503 mortuo
627 2453 711 2503 uxor
733 2453 791 2503 eos
814 2435 956 2520 rejicere
979 2454 1045 2503 uou
1068 2438 1188 2517 potest.
1221 2434 1267 2501 Et
1298 2432 1348 2501 sic
1378 2435 1430 2499 est

231 2540 411 2607 dicendum
427 2542 469 2607 de
485 2539 674 2617 heredibus,
692 2539 756 2607 uisi
772 2540 936 2623 promissa
951 2538 1151 2623 personalia,
1170 2538 1258 2605 sicut
1274 2536 1428 2621 homagia

230 2651 270 2712 et
293 2644 486 2727 consimilia,
509 2662 596 2726 quae
619 2663 797 2727 personam
819 2645 1006 2729 respiciunt
1025 2643 1238 2729 singularem,
1261 2642 1308 2709 ibi
1331 2639 1428 2709 iutel-

232 2751 393 2835 ligeutur,
427 2750 506 2831 quia
537 2749 669 2816 illorum
702 2750 846 2817 arbitrie
876 2766 942 2816 nou
971 2749 1080 2833 ligent
1113 2748 1265 2831 heredes,
1299 2745 1366 2813 nisi
1396 2746 1429 2813 iu

231 2854 468 2939 compromisso
492 2856 534 2921 de
555 2854 738 2922 heredibus
760 2854 822 2921 fiet
844 2854 968 2921 mentio
991 2852 1156 2936 specialis.

335 3012 388 3079 91.
411 3010 562 3084 Qualiter
582 3009 757 3077 arbitrium
779 3012 827 3074 ait
849 3010 1086 3079 assumendam.
1115 3010 1302 3077 Arbitrium
1325 3024 1427 3089 omne,

230 3122 271 3183 ut
293 3118 480 3184 discussum
503 3121 565 3200 est,
587 3119 648 3184 sub
672 3119 758 3183 bono
781 3115 973 3182 testimonio
997 3119 1196 3196 assumetur,
1227 3120 1262 3181 et
1287 3112 1427 3179 maxime

232 3222 267 3288 iu
299 3222 410 3288 causis
443 3221 558 3288 arduis
593 3226 695 3303 atque
729 3219 868 3305 magnis,
900 3220 977 3301 quie
1011 3238 1106 3313 uemo
1140 3219 1206 3286 sibi
1240 3218 1305 3303 ipsi
1328 3217 1427 3284 testis

230 3327 373 3393 idoneus
398 3326 576 3409 (utsupra
599 3330 727 3393 tactum
750 3331 817 3405 est)
841 3342 916 3391 esse
938 3328 1059 3407 potest.
1089 3322 1193 3391 Omne
1216 3324 1318 3390 etiam
1341 3320 1427 3387 arbi·

231 3430 335 3496 trium
357 3433 465 3513 poena
487 3436 541 3498 est
563 3431 764 3498 vallandam.

336 3584 757 3654 tertiaedecimae
787 3587 936 3653 moritur.
967 3586 1041 3653 Uno
1065 3586 1264 3653 arbitrorum
1288 3588 1428 3664 mortuo,

231 3696 371 3775 propter
401 3692 464 3758 hoc
494 3691 595 3759 etiam
625 3710 728 3758 causa
757 3710 822 3758 non
853 3695 906 3757 est
934 3691 1113 3776 litigaliter
1142 3689 1338 3765 inchoanda,
1369 3688 1427 3755 sad

229 3796 318 3864 alius
341 3797 377 3864 in
399 3798 507 3865 locum
529 3796 652 3863 mortui
674 3801 873 3863 assumatur.

336 3954 388 4018 93.
411 3951 462 4016 De
484 3951 735 4037 superarbiter.
758 3951 824 4037 Qui
847 3951 938 4037 prior
961 3950 1191 4036 superarbiter
1215 3954 1269 4016 est
1292 3950 1427 4029 electus,

231 4058 344 4139 potior
355 4062 410 4125 est
422 4056 651 4143 subsequenti,
666 4060 701 4123 et
716 4058 823 4141 magis
839 4062 939 4123 notus
956 4056 1075 4140 potior,
1088 4074 1187 4137 quam
1200 4054 1306 4122 miuus
1320 4059 1428 4121 motus·

336 4214 388 4281 94.
410 4213 462 4278 De
484 4214 635 4278 electiore
657 4190 856 4280 arbitrorum
879 4213 1017 4278 alterius
1041 4212 1112 4279 loci.
1133 4211 1265 4279 Arbitri
1287 4212 1426 4279 alterius

231 4317 297 4386 loci
308 4319 363 4385 vel
371 4316 490 4403 judicii
502 4317 624 4384 electio
635 4316 737 4399 valet,
749 4318 901 4397 quamvis
916 4334 1019 4399 error,
1033 4316 1190 4401 fatigatio
1206 4320 1241 4384 et
1257 4334 1424 4399 expensae
