3275 5009
1115 407 1441 460 Sententiae
1477 406 1846 475 Iglavienses.
2565 409 2666 460 307

283 612 472 695 Quod
500 615 557 681 si
582 615 976 698 neglexerit,
1010 615 1107 680 illi
1140 617 1455 681 emendae
1487 633 1619 680 non
1644 615 1983 680 tenebitur
2007 615 2204 680 aliam
2231 617 2667 683 accumulare.

282 719 372 784 Et
397 737 659 801 semper
683 738 903 785 coram
928 720 1145 801 aliquo
1163 722 1530 804 juratorum
1559 718 1851 800 accipiat
1879 722 2217 786 emendam
2250 738 2452 786 suam.
2489 721 2667 807 (IX.)

486 861 598 927 80.
643 859 1012 925 Emenda
1076 862 1172 925 de
1218 860 1556 943 injusta
1618 879 2035 926 mensura.
2095 860 2178 925 It.
2228 862 2548 943 volumuS,
2594 866 2671 926 ut

282 964 676 1043 quicumque
759 964 1111 1046 hominum,
1203 958 1545 1030 virorum>
1576 965 1686 1030 vel
1761 965 2122 1048 mulierum,
2200 984 2344 1029 cum
2420 965 2670 1049 injusta

289 1087 600 1134 mensura
630 1068 942 1137 inventus
969 1068 1194 1151 fuerit,
1218 1068 1325 1134 vel
1357 1086 1732 1134 mensuram
1765 1073 2089 1135 statutam
2124 1069 2250 1153 (sic
2269 1068 2312 1155 l)
2340 1068 2675 1135 aridorum

287 1175 391 1239 vel
439 1174 869 1255 humidorum,
916 1174 1026 1238 vel
1073 1192 1218 1238 cum
1267 1173 1518 1256 injusta
1559 1172 1734 1255 ulna,
1780 1173 2070 1255 pondere
2109 1174 2215 1238 vel
2251 1173 2439 1256 libra,
2470 1191 2669 1239 unam

287 1296 571 1343 marcam
621 1278 809 1342 dabit
868 1276 1134 1362 juratis
1206 1277 1275 1342 Si
1343 1278 1739 1344 secundario
1808 1278 2122 1343 inventus
2191 1277 2412 1355 fuerit,
2484 1277 2672 1343 dabit

283 1385 445 1449 duas
494 1401 784 1465 marcas;
831 1383 891 1447 si
936 1383 1159 1459 tertio,
1208 1401 1402 1448 manu
1451 1382 1726 1465 carebit,
1761 1382 1868 1448 vel
1909 1401 2047 1451 eam
2088 1382 2144 1446 si
2176 1382 2467 1449 voluerit
2497 1382 2672 1448 redi·

284 1506 483 1571 mere,
528 1488 643 1552 det
689 1489 914 1553 decem
960 1506 1239 1571 marcaS,
1285 1490 1366 1554 de
1415 1488 1652 1568 quibus
1703 1489 1872 1552 duae
1905 1493 2132 1569 partes
2170 1489 2409 1576 cedent
2442 1486 2672 1571 judici,

287 1593 492 1658 tertia
530 1591 797 1673 JuratiS,
846 1592 904 1656 si
950 1611 1079 1658 non
1126 1611 1279 1657 reus
1328 1593 1587 1659 veniam
1640 1597 2102 1671 consequetur.
2155 1592 2287 1677 (V.)

406 1723 414 1730 ’
491 1733 599 1799 81.
636 1730 869 1814 Quod
902 1733 1302 1797 emendae
1336 1750 1492 1797 non
1530 1751 1560 1796 s
1586 1737 1735 1797 unt
1778 1733 2147 1815 majores
2195 1731 2672 1797 camerario

292 1855 329 1916 p
346 1857 381 1900 r
396 1855 435 1900 a
456 1853 492 1899 e
514 1836 645 1900 sid
664 1854 698 1899 e
718 1855 760 1899 n
782 1840 809 1900 t
828 1854 878 1902 e.
944 1835 1117 1902 Item
1173 1837 1546 1916 quaesitum
1609 1845 1717 1902 est
1778 1857 1818 1901 a
1870 1820 2398 1916 'Coloniensibua
2454 1840 2675 1900 utrum

291 1942 605 2006 emendae
631 1942 767 2005 sint
792 1940 1095 2023 majoreS,
1114 1941 1478 2006 camerario
1502 1940 1932 2021 praesidente
1951 1939 2218 2023 judiciO,
2246 1957 2438 2019 quam
2455 1938 2676 2019 judice

294 2044 621 2127 civitatis3
670 2046 907 2123 quibus
956 2064 1343 2126 responsum
1395 2044 1541 2125 fuit,
1587 2046 1763 2125 quod
1808 2063 1939 2110 non
1987 2048 2093 2109 est
2137 2043 2391 2110 licitum
2430 2043 2677 2126 juratis

292 2150 575 2232 majores
625 2167 871 2230 poenas
918 2149 1463 2229 delinquentibus
1511 2149 1868 2232 imponere,
1919 2168 2114 2228 quam
2161 2166 2329 2227 quae
2375 2147 2442 2211 in
2474 2146 2679 2228 privi-

293 2252 487 2335 legiis
512 2239 779 2334 'jnrium
826 2261 981 2320 sunt
1027 2254 1466 2335 conscriptae.
1517 2253 1680 2340 (11.)

497 2393 607 2459 82.
654 2392 1025 2458 Emenda
1083 2411 1234 2474 pro
1282 2394 1589 2460 minori
1653 2395 1926 2473 culpa.
1985 2392 2069 2457 It.
2119 2390 2509 2475 Quaesitum
2554 2387 2684 2454 fuit

289 2498 372 2562 ab
422 2498 693 2581 eisdem,
762 2498 918 2577 quid
988 2500 1355 2564 camerario
1426 2497 1828 2564 sententiari
1899 2499 2187 2563 debeant
2256 2512 2375 2576 pro
2443 2491 2681 2558 minori

294 2603 509 2685 culpa,
555 2621 642 2669 sc.
681 2593 811 2683 ‘pro
859 2604 1304 2684 cespitatione
1348 2603 1544 2668 unius
1577 2601 1802 2682 verbi;
1842 2602 2078 2681 quibus
2110 2617 2500 2681 responsum
2532 2596 2680 2679 fuit,

296 2711 468 2786 quod
513 2726 679 2773 unus
728 2726 1001 2790 grossus
1048 2709 1157 2774 vel
1201 2708 1342 2773 XII
1387 2707 1596 2788 parvi.
1645 2704 1806 2792 (12.)
2192 2705 2200 2709 ’

507 2847 614 2914 83.
664 2846 1034 2911 Emenda
1099 2866 1249 2927 pro
1315 2847 1672 2911 vulnere
1733 2844 2027 2911 duelli.
2092 2844 2176 2909 It.
2223 2843 2489 2923 eisdem,
2538 2858 2684 2906 cum

300 2957 704 3029 quaererent
749 2952 832 3016 de
873 2951 1024 3034 jure
1072 2950 1439 3032 camerarii,
1504 2950 1985 3016 sententiatum
2045 2947 2188 3030 fuit,
2259 2945 2417 3026 quia
2463 2948 2686 3010 tamen

303 3074 473 3122 unus
515 3054 719 3137 Judex
766 3056 830 3121 in
881 3055 1159 3121 civitate
1207 3074 1355 3121 esse
1402 3056 1664 3138 debeat,
1719 3053 1828 3119 cui
1889 3072 2005 3134 pro
2065 3053 2341 3118 emenda
2388 3049 2684 3116 vulneris

299 3159 502 3226 duelli
550 3165 867 3240 quantum
914 3163 999 3225 ad
1046 3159 1585 3241 compositionem
1629 3165 1774 3224 tres
1822 3175 2086 3223 marcae
2133 3155 2303 3223 solvi
2345 3155 2686 3235 deberent,

300 3284 577 3346 quarum
623 3265 831 3331 tertia
880 3284 1034 3346 pars
1083 3270 1266 3331 esset
1308 3266 1693 3349 juratorum.
1742 3261 1907 3347 (13.)

507 3407 615 3473 84.
662 3406 1039 3471 Emenda
1086 3425 1235 3487 pro
1280 3404 1587 3471 minori
1636 3403 1902 3483 culpa.
1934 3402 2014 3467 It.
2051 3399 2527 3467 sententiatum
2560 3396 2690 3463 fuit

302 3510 436 3576 hic:
462 3510 621 3576 Cum
642 3511 974 3577 Martinus
995 3513 1075 3577 de
1095 3511 1303 3577 Polna
1325 3516 1395 3576 et
1416 3509 1773 3576 Heinricus
1796 3507 2010 3573 Stelin
2038 3524 2260 3572 coram
2278 3506 2334 3568 d.
2354 3501 2689 3583 Heinrico,

304 3618 655 3696 capitaneo
688 3616 869 3699 regis
903 3615 1277 3695 Bohemiae,
1309 3614 1420 3693 qui
1453 3613 1716 3678 nomine
1748 3611 1930 3694 regis
1956 3608 2204 3692 judicio
2241 3605 2692 3689 praesidebat,

307 3720 733 3803 placitarent,
780 3722 956 3799 quod
1003 3720 1357 3785 secundum
1391 3720 1499 3802 jus
1535 3716 1835 3784 civitatis
1872 3733 1990 3797 pro
2023 3712 2259 3779 minori
2292 3709 2487 3790 culpa
2519 3726 2691 3774 unus

306 3825 556 3891 solidus
604 3827 1029 3906 parvulorum
1075 3822 1184 3889 vel
1230 3841 1399 3889 unus
1447 3841 1721 3906 grossus
1768 3820 1939 3887 solvi
1979 3820 2271 3885 deberet.
2321 3815 2483 3899 (14.)

515 3975 623 4041 85.
672 3974 786 4037 De
834 3973 1182 4038 emenda
1246 3971 1550 4035 eadem.
1612 3968 1692 4033 It.
1743 3965 2223 4033 sententiatum
2289 3959 2417 4026 fuit
2482 3959 2693 4025 eidem

308 4077 567 4141 domino
615 4079 696 4142 de
743 4077 978 4159 Lippa,
1048 4094 1192 4140 cum
1252 4092 1368 4154 pro
1429 4072 1664 4138 minori
1727 4070 1921 4151 culpa
1982 4073 2051 4136 et
2119 4068 2398 4133 emenda
2468 4066 2697 4129 decem

308 4202 566 4247 marcas
615 4188 895 4264 peteret,
944 4181 1245 4261 allegans
1293 4180 1464 4259 quod
1504 4176 1612 4259 jus
1661 4174 1842 4259 regis
1876 4175 2002 4239 hoc
2038 4171 2429 4254 postularet,
2461 4169 2519 4233 si
2551 4169 2697 4248 ipse

310 4287 609 4353 dominus
682 4306 803 4353 rex
878 4285 1328 4368 personaliter
1395 4284 1464 4348 in
1540 4281 1818 4349 civitate
1893 4279 2253 4344 secundum
2313 4276 2425 4358 jus
2501 4272 2700 4338 civile

303 4391 551 4475 judicio
599 4391 1039 4474 praesideret,
1080 4389 1149 4455 in
1182 4388 1498 4471 emendis,
1543 4404 1712 4467 quae
1760 4388 1841 4451 de
1892 4386 2033 4468 eJus
2082 4378 2306 4463 gratia
2353 4381 2423 4443 et
2466 4375 2700 4443 favore

2389 4498 2488 4550 20*
