3275 5009
685 342 854 397 Brunenses.
1333 347 1366 403 ol

162 548 385 617 vellendum
408 566 503 615 suum
526 549 663 633 exaltet,
687 550 743 618 vel
765 549 836 615 tale
859 550 937 629 quid
966 550 1082 637 faciat,
1112 558 1250 636 propter
1280 558 1367 635 quod

163 672 258 735 aqua
281 652 391 719 vicino
408 670 528 745 nocere
545 653 701 736 incipiat:
717 672 760 721 ex
774 653 837 719 hoc
853 654 989 721 dabitur
1003 656 1092 723 actio
1107 674 1214 736 aquae
1232 659 1366 741 pluviae

165 760 345 825 arcendae.
379 757 434 823 Sic
469 756 555 823 enim
589 756 730 838 quisque
764 776 858 824 suam
894 760 1023 826 domum
1053 760 1222 831 meliorem
1253 761 1366 833 facere

159 864 280 945 debet,
309 880 352 928 ue
383 861 486 928 vicini
515 860 622 928 faeiat
651 862 861 929 deteriorem.
897 864 993 932 Unde
1017 864 1164 947 quilibet
1194 859 1395 936 stillicidia

161 985 304 1033 suorum
326 970 492 1032 tectorum
515 984 636 1048 capere
669 969 778 1051 debet,
807 966 874 1034 nisi
898 968 954 1052 J'us
985 969 1118 1053 habeat,
1149 973 1235 1051 quod
1266 991 1367 1055 super

165 1070 315 1140 vicinum
339 1072 472 1137 cadant.

276 1227 327 1292 78.
343 1224 427 1310 (Pr.)
452 1224 501 1288 Da
523 1246 609 1309 aqua
624 1210 780 1309 pluviali.
808 1224 909 1293 Actio
924 1243 1032 1306 aquae
1048 1228 1182 1309 pluviae
1199 1234 1365 1300 arcendae

162 1330 277 1397 locum
307 1331 419 1413 habet,
453 1329 482 1395 si
513 1348 600 1409 aqua
631 1329 788 1411 pluvialis
819 1348 886 1398 nou
914 1330 1118 1399 naturaliter
1146 1342 1274 1413 noceat,
1305 1326 1370 1403 sed

162 1452 272 1517 opere
304 1433 406 1516 iacto,
437 1434 502 1500 nisi
532 1434 606 1518 agri
637 1434 766 1501 colendi
798 1452 902 1502 causa
931 1435 1012 1501 illud
1043 1453 1126 1518 opus
1155 1436 1281 1505 factum
1312 1440 1366 1509 sit.

165 1538 218 1605 Et
239 1538 289 1604 sic
312 1538 540 1619 unusquisqne
563 1540 692 1605 domum
719 1558 812 1607 suam
842 1539 1012 1606 meliorem
1038 1538 1153 1607 'facere
1183 1544 1294 1627 debet,
1324 1562 1366 1613 ne

164 1642 273 1709 vicini
296 1642 348 1709 sui
369 1641 474 1709 faciat
495 1642 739 1721 detrimentum,
762 1646 822 1709 aut
846 1644 1054 1722 deteriorem,
1077 1644 1142 1711 nisi
1156 1646 1213 1730 jus
1228 1648 1362 1732 habeat,

161 1750 258 1829 quod
292 1748 418 1829 aliquid
451 1748 570 1815 talium
603 1748 671 1815 fiat.
708 1748 755 1815 Et
784 1748 833 1815 sic
864 1767 924 1830 per
953 1767 1161 1830 consequens
1191 1752 1366 1820 dicendum

163 1850 247 1935 erit,
270 1855 358 1932 quod
380 1855 542 1937 prodesse
564 1853 791 1935 unusquisque
814 1853 888 1931 sibi,
911 1856 987 1921 dum
1010 1854 1110 1921 alteri
1141 1873 1206 1922 non
1237 1861 1367 1941 noceat,

164 1975 236 2023 uon
260 1956 464 2039 prohibetur.

277 2114 327 2179 79.
339 2110 432 2198 (Br.)
446 2111 496 2175 Da
508 2133 594 2196 aquea
600 2110 748 2196 pluuiali
759 2121 915 2197 querutum
925 2113 971 2179 ad
981 2134 1086 2198 apros.
1097 2112 1211 2181 Jurati
1224 2116 1266 2181 de
1278 2114 1365 2183 Alba

164 2216 324 2283 Ecclesia
348 2224 592 2298 proposuerunt
613 2216 649 2284 in
672 2217 818 2301 consilio,
849 2220 937 2298 quod
964 2218 1083 2285 rustici
1113 2218 1268 2288 uillarum
1300 2219 1365 2286 ire·

163 2325 315 2405 quanter
337 2339 447 2387 coram
471 2320 520 2387 eis
544 2309 803 2406 conquerantur,
825 2340 912 2389 unus
935 2324 976 2389 de
998 2322 1076 2407 alio,
1102 2325 1189 2403 quod
1219 2322 1254 2389 in
1284 2341 1366 2408 agro

166 2443 230 2493 suo
254 2425 359 2492 iaciat
380 2425 552 2509 fossatum,
584 2426 618 2493 in
641 2445 705 2507 quo
728 2445 848 2508 aquam
871 2415 1052 2509 pluvialem
1075 2428 1189 2509 capiat
1212 2426 1247 2493 in
1270 2431 1367 2495 tanta

162 2529 275 2614 copia,
309 2532 397 2611 quod
427 2548 509 2613 ager
538 2530 670 2599 vicinus
701 2531 816 2598 aridus
846 2537 982 2598 maneat
1012 2550 1073 2597 nec
1104 2531 1243 2615 rigetur.
1274 2533 1366 2599 Peti-

165 2638 292 2703 verunt
316 2652 396 2718 ergo
420 2633 599 2702 informari.

274 2746 383 2829 Super
416 2766 481 2828 quo
512 2752 592 2815 sunt
620 2748 795 2815 instructi:
826 2748 861 2815 Si
892 2748 1038 2816 rusticus
1070 2766 1184 2815 serere
1208 2754 1243 2815 et
1266 2766 1365 2815 arare

167 2852 278 2934 possit
300 2852 373 2919 sine
394 2852 520 2918 talibus
547 2852 694 2937 fossatis,
724 2853 780 2933 qui
810 2854 969 2920 dicuntur
998 2853 1082 2919 sulci
1112 2852 1251 2935 aquarii,
1284 2856 1365 2918 tunc

160 2954 280 3021 sulcos
303 2956 389 3023 tales
413 2974 480 3023 non
502 2955 616 3039 iaciat,
639 2956 725 3022 etsi
748 2954 841 3039 iacit,
863 2960 1001 3023 tenetur
1024 2956 1087 3023 hac
1114 2958 1256 3038 actione,
1285 2955 1367 3023 licet

164 3059 244 3144 agri
271 3060 401 3126 colendi
430 3077 533 3127 causa
564 3060 722 3128 videatur
751 3060 883 3128 fecisse.
913 3060 980 3127 Sed
1011 3060 1040 3126 si
1070 3059 1170 3127 aliter
1200 3060 1365 3128 seminare

164 3182 235 3230 non
258 3168 382 3247 posset,
405 3164 472 3231 nisi
494 3165 604 3233 sulcos
628 3165 782 3247 aquarios
805 3165 919 3249 faciat,
950 3183 1015 3233 non
1046 3170 1190 3232 tenetur.
1220 3166 1306 3233 Item
1336 3166 1365 3232 si

166 3284 271 3349 opere
293 3266 389 3335 facto·
408 3273 468 3335 aut
489 3269 524 3335 iu
547 3275 678 3351 partem
701 3270 906 3352 superiorem
929 3288 1016 3350 aqua
1039 3269 1196 3352 pluvialis
1220 3269 1365 3363 pellitur,

160 3378 229 3437 aut
266 3370 301 3437 in
339 3376 469 3455 partem
505 3373 695 3441 inferiorem
734 3373 918 3457 derivatur,
957 3373 1047 3440 actio
1084 3391 1192 3455 aquae
1230 3373 1364 3455 pluviae

162 3478 334 3542 arcendae
369 3476 537 3559 competit.
570 3478 668 3545 Unde
697 3477 829 3560 dicitur,
861 3484 896 3544 et
919 3478 1014 3561 bene,
1044 3495 1163 3559 aquam
1188 3478 1364 3559 pluvialem
1405 3550 1410 3563 ,

163 3580 203 3646 in
227 3596 286 3646 suo
308 3578 455 3646 retinere
478 3582 534 3647 vel
556 3581 865 3663 superabundantia
888 3600 931 3649 ex
951 3581 1055 3650 fundo
1086 3582 1189 3649 vicini
1211 3582 1247 3649 in
1270 3600 1365 3649 suum

162 3682 337 3766 derivare,
359 3685 533 3751 dummodo
557 3703 640 3766 opus
662 3686 697 3752 in
719 3685 829 3753 alieno
853 3704 919 3754 nou
940 3685 1009 3770 fiat,
1032 3686 1182 3753 omuibus
1200 3683 1256 3768 jus
1273 3704 1365 3768 asse;

165 3787 339 3874 prodesse
352 3786 440 3853 enim
463 3787 689 3869 unusquisque
713 3789 787 3868 sibi,
817 3792 893 3857 dum
916 3790 1016 3857 alteri
1046 3809 1111 3857 non
1142 3794 1271 3873 noceat,
1298 3808 1365 3857 uon

166 3890 374 3976 prohibetur.
396 3890 443 3957 Et
465 3892 636 3959 sciendum
657 3898 720 3977 est,
734 3893 822 3962 hanc
836 3896 1003 3963 actionem
1018 3892 1183 3976 superiori
1199 3895 1364 3962 adversus

165 3994 360 4062 inferiorem
393 4000 591 4079 competere,
625 4015 667 4064 ue
702 4016 829 4079 aquam,
867 4015 952 4078 quae
986 4001 1108 4065 natura
1140 3997 1224 4081 duit,
1263 4016 1363 4082 opere

160 4100 257 4167 sacto
285 4098 442 4170 ¹inhibeat
463 4118 526 4183 per
547 4119 642 4168 suum
663 4120 782 4186 agrum
806 4104 995 4185 decurrere,
1024 4107 1060 4169 et
1083 4101 1183 4171 etiam
1213 4101 1364 4173 inferiori

165 4208 333 4272 adversus
356 4204 571 4290 superiorem,
594 4223 636 4273 ne
660 4206 760 4274 aliter
785 4214 907 4288 aquam
936 4210 1043 4272 mutet
1072 4205 1234 4288 superior,
1263 4224 1363 4287 quam

161 4309 269 4377 fluere
303 4311 426 4376 natura
460 4308 556 4376 solet.
588 4308 636 4375 Et
669 4327 836 4391 nunquam
870 4308 1028 4393 competit
1059 4309 1143 4376 haec
1166 4308 1265 4394 actio,
1289 4328 1365 4377 cum

1224 4429 1257 4483 4*
