3275 5009
627 368 791 423 Sententiae
810 368 997 439 Igluvienses.
1364 378 1416 431 343

218 578 252 644 di
275 578 330 646 ein
352 577 473 643 iczlich
495 595 571 643 mou
594 597 659 645 von
686 578 813 645 seinem
848 582 907 661 gut
938 580 1061 663 leyden
1095 581 1153 659 sol,
1188 581 1322 665 geliden
1355 584 1415 651 hut

219 700 249 747 u.
271 680 477 749 Heinczman
500 700 530 749 u.
555 680 628 747 sein
651 681 873 766 geswistheyt
895 701 925 750 u.
948 685 1053 750 ander
1081 687 1185 751 erhen
1219 687 1280 753 mit
1302 705 1356 769 ym
1379 687 1414 752 in

218 788 278 853 der
301 790 372 851 ιιιι
394 803 554 869 gesessen
577 803 607 851 ιι.
630 802 786 869 geuesen
810 804 840 851 ιι.
863 787 1079 871 geschwigen
1100 806 1131 853 u.
1146 808 1191 872 yn
1208 793 1283 856 umh
1299 790 1414 857 nichte

218 890 472 974 angesprochen
496 888 616 972 huben,
639 892 680 955 ub
704 889 734 955 si
757 888 851 955 nicht
873 887 988 972 iurpas
1009 890 1290 976 sullcuswcygen
1307 895 1415 960 udor

218 994 310 1062 Ottel
334 994 422 1061 dorff
440 1012 486 1077 yn
508 994 588 1059 keiu
610 998 758 1060 antwort
781 996 900 1078 gehen,
923 997 1005 1060 ader
1028 1013 1098 1061 was
1121 996 1177 1061 eiu
1192 997 1288 1063 recht
1304 996 1409 1081 sey?“

321 1098 476 1165 Daruher
497 1103 585 1164 wart
608 1098 744 1181 geteilt:
769 1097 932 1165 Sintemal
955 1101 1023 1165 und
1047 1100 1180 1166 cunrad
1200 1102 1260 1167 der
1273 1101 1412 1167 Schrum

216 1204 299 1270 alles
337 1202 410 1269 sein
448 1202 534 1269 erbe
563 1220 593 1267 u.
626 1204 732 1269 ander
769 1208 830 1287 gut
865 1223 908 1269 ιιι
945 1205 1113 1286 ansprach
1145 1223 1206 1269 czu
1238 1224 1351 1289 gewer
1382 1225 1412 1275 ιι.

216 1328 277 1375 czu
321 1308 446 1391 gewclt
489 1306 644 1373 mennith
689 1307 740 1373 ior
783 1309 844 1374 ιιι
888 1308 1015 1391 gehebt
1061 1328 1089 1376 u.
1136 1307 1292 1375 fridleich
1336 1311 1412 1376 hott

215 1416 376 1479 besessen
405 1430 434 1477 u.
469 1409 535 1478 che
568 1414 639 1475 stat
672 1413 770 1477 recht
805 1413 939 1495 gelidcn
975 1414 1035 1477 hut
1068 1415 1176 1479 douon
1200 1431 1229 1477 u.
1254 1419 1357 1497 getan
1381 1433 1411 1479 u.

215 1518 420 1584 Heniczmuu
442 1535 471 1581 u.
488 1514 560 1580 sein
577 1514 803 1597 geswistereit
818 1517 853 1581 in
863 1517 930 1601 der
946 1522 1016 1582 stat
1032 1534 1188 1600 geweseu
1204 1536 1234 1582 u.
1251 1535 1412 1599 gesessen

214 1622 287 1687 sein
311 1639 340 1687 u.
363 1617 534 1703 geswigen
557 1618 666 1683 huben
690 1637 719 1683 u.
741 1620 828 1685 noch
851 1637 916 1700 pey
940 1619 1073 1685 Ounrcd
1095 1620 1202 1703 leben,
1226 1621 1259 1687 di
1282 1621 1359 1687 weil
1374 1640 1412 1687 er

215 1726 344 1808 gesund
365 1725 412 1811 ist
435 1740 600 1806 gewesen,
622 1722 708 1788 noch
733 1723 765 1787 di
788 1724 865 1789 weil
897 1741 935 1789 er
965 1723 1037 1788 sich
1070 1723 1117 1787 ist
1150 1725 1301 1808 gelegcn,
1325 1724 1411 1790 noch

213 1847 257 1895 ιιι
270 1830 395 1895 seinem
407 1832 542 1908 totpett,
554 1827 637 1893 noch
651 1826 854 1911 gelcutmert
865 1828 951 1893 noch
965 1828 1137 1910 gekundet
1149 1831 1223 1896 umb
1237 1829 1411 1911 keinerluy

214 1935 294 1999 sach
318 1934 426 1998 hohen
449 1933 524 1996 umh
548 1933 606 1996 erb
631 1950 659 1995 u.
683 1933 758 1997 nmb
782 1933 853 2014 gelt
883 1932 944 1997 mit
975 1932 1068 1997 einer
1101 1932 1176 2015 cing
1209 1933 1411 2015 geteydingt

213 2037 324 2103 haben
346 2054 376 2101 u.
400 2037 460 2101 dus
484 2032 564 2116 golt,
587 2035 647 2099 das
671 2037 819 2101 verende
843 2036 930 2101 habe
953 2036 1008 2118 ist,
1032 2036 1127 2101 nicht
1149 2055 1215 2101 von
1239 2040 1313 2101 dem
1329 2038 1409 2101 erbe

212 2139 380 2208 befundeu
403 2141 528 2205 haben:
551 2155 587 2202 so
611 2137 698 2219 teylt
721 2156 798 2204 mon
821 2139 906 2203 euch
930 2156 991 2203 czu
1022 2139 1129 2204 ciuem
1163 2140 1313 2222 rechten,
1349 2142 1410 2207 dus

213 2247 272 2311 der
305 2244 399 2311 Οιιιι
421 2262 451 2308 u.
475 2242 508 2307 di
530 2244 667 2321 anderu,
701 2261 766 2307 von
801 2244 862 2308 der
896 2260 1015 2325 wegen
1047 2261 1085 2309 er
1110 2242 1276 2327 tcydiugt,
1298 2246 1410 2327 kegen

212 2350 416 2415 chiczmon
441 2347 516 2429 cleg
538 2346 618 2413 kein
641 2353 788 2412 antwurt
811 2345 941 2412 durffen
974 2349 1082 2430 geben
1117 2345 1198 2427 deri,
1231 2351 1356 2414 sunder
1380 2348 1410 2414 si

211 2454 284 2519 sein
310 2451 401 2535 lodig
424 2468 490 2517 von
512 2469 575 2531 ym.
600 2448 680 2535 (82.)

314 2575 391 2640 210.
415 2571 473 2637 De
490 2576 757 2637 testamento
775 2572 1035 2638 medietatis
1052 2572 1409 2654 qu'usdamdomi.

211 2676 383 2745 Judicissa
408 2676 449 2741 de
476 2674 576 2739 Proto
599 2673 634 2738 in
657 2676 815 2739 extremis
840 2674 911 2740 suis
935 2675 1099 2759 obligavit
1122 2677 1262 2743 mediam
1280 2679 1409 2743 domum

210 2784 300 2865 apud
322 2787 452 2862 portem
478 2777 733 2859 Buhcmicelem,
757 2798 854 2859 quom
879 2780 1034 2845 Eiblinus
1059 2780 1166 2846 irater
1188 2783 1260 2863 ejus
1280 2781 1409 2848 inhahi-

211 2887 308 2967 tcvit,
330 2883 482 2951 Fridlino
511 2881 613 2947 Koler
637 2900 747 2947 coram
781 2884 928 2964 scabino,
963 2885 1019 2963 qui
1053 2885 1141 2950 toliis
1173 2884 1295 2950 civium
1328 2884 1410 2949 fecit

209 2989 340 3071 imponi.
362 2988 444 3052 Post
460 2992 599 3053 mortem
615 2986 727 3051 dictae
745 2987 892 3052 mulieris
909 2988 1063 3053 Elblinus
1079 2986 1187 3054 frater
1203 2989 1275 3070 ejus
1292 2989 1408 3053 volens

209 3094 332 3159 dictam
356 3094 484 3156 domum
509 3090 649 3156 mediam
673 3107 746 3153 cum
766 3092 958 3173 Jurumento
983 3099 1139 3170 tanquam
1164 3110 1259 3156 suum
1286 3092 1407 3175 pignus

210 3197 361 3263 obtinere
385 3201 420 3262 ct
442 3195 557 3262 Fridel
581 3193 808 3259 testimonium
835 3192 989 3259 foliorum
1019 3196 1277 3276 producens...
1302 3195 1409 3277 Super

210 3321 273 3381 quo
294 3305 378 3367 sent.
404 3306 470 3365 est:
493 3300 546 3365 Ex
570 3316 633 3378 quo
656 3298 810 3363 Elblinus
836 3298 959 3363 nullum
984 3300 1025 3363 de
1041 3298 1166 3379 Juratis
1190 3317 1251 3365 nec
1268 3300 1408 3365 authen-

209 3408 311 3471 ticum
335 3422 432 3484 quam
456 3422 493 3469 se
517 3402 622 3467 solum
645 3400 749 3467 hehet
773 3407 807 3465 et
832 3419 930 3481 quum
954 3401 1079 3467 dictum
1103 3403 1224 3485 pignus
1248 3402 1408 3483 pertinen

208 3511 315 3589 possit
347 3525 408 3573 nec
438 3504 575 3589 portori,
607 3503 780 3571 Fridlinus
813 3505 930 3569 melius
961 3504 1083 3587 pignus
1115 3524 1186 3570 cum
1218 3506 1409 3573 testimonio

207 3612 360 3677 foliorum
384 3609 549 3676 obtinebit
572 3627 670 3688 quum
694 3608 860 3674 Elblinus
889 3607 992 3693 (174.)

311 3734 385 3799 211.
410 3732 469 3797 Dc
491 3732 740 3796 intestatis
767 3728 802 3793 Si
825 3729 967 3794 maritus
990 3730 1176 3794 intestatus
1210 3731 1406 3808 decesserit,

207 3854 344 3903 uxorem
371 3836 561 3916 relinquens
596 3846 631 3900 et
655 3834 724 3919 (ιι)
749 3833 928 3899 heredibus
959 3852 1079 3898 cerens
1112 3833 1213 3899 etium
1244 3834 1408 3901 intestata

207 3941 377 4017 moriatur,
400 3943 488 4005 bonu
513 3938 596 4004 tulin
627 3939 737 4019 potius
769 3940 811 4003 ιι
846 3943 983 4002 matrem
1017 3937 1072 4003 vel
1105 3942 1234 4017 patrem
1267 3939 1407 4006 relictae

169 4092 172 4095 „
207 4063 304 4125 quem
326 4046 369 4109 od
392 4042 531 4109 fratrem
554 4043 667 4108 mariti
689 4040 903 4126 justitialiter
925 4039 1157 4106 devolvuntur.
1180 4041 1216 4107 Si
1239 4047 1350 4107 autem
1368 4042 1407 4125 is,

207 4150 259 4228 qui
286 4148 435 4229 moritur,
459 4148 583 4213 nullum
611 4130 734 4211 habeat
757 4151 792 4211 ιι
816 4145 887 4209 siue
912 4149 1114 4211 testamento
1139 4152 1174 4211 et
1198 4145 1407 4211 ordinatione

207 4271 318 4319 rerum
349 4270 483 4317 suorum
516 4250 658 4331 decedit,
688 4254 782 4330 bona,
816 4267 902 4328 quoe
936 4246 1084 4331 reliquit,
1120 4249 1266 4330 proximo
1290 4249 1407 4315 heredi

209 4375 270 4423 suo
288 4358 419 4437 cedent,
436 4373 515 4438 ergo
533 4371 592 4435 per
609 4354 820 4435 contrarium,
837 4351 866 4418 si
882 4369 1018 4417 uxorem
1033 4350 1190 4417 habuerit
1205 4354 1259 4419 uel
1274 4353 1407 4435 liberos
