3275 5009
659 387 827 440 Brunenses.
1287 391 1337 444 117

147 591 311 674 naucella,
354 610 513 674 scampno
550 593 656 676 panis,
697 594 837 662 institae
875 602 911 660 et
948 596 1014 662 aliu
1053 596 1245 678 consimilia,
1282 603 1336 664 est

145 698 270 760 tantum
294 695 353 760 illa
374 696 587 777 profunditas
610 702 645 763 et
668 698 812 763 altitudo
836 701 1011 782 servanda,
1038 718 1123 780 quae
1139 703 1181 766 ab
1198 701 1336 782 antiquo

145 801 274 864 servari
297 799 481 866 consuevit.
624 872 626 874 ,
1151 813 1152 816 ’

245 904 415 970 Parietem
444 905 479 970 in
510 905 617 972 medio
648 903 874 972 aedificiorum
906 908 961 974 vel
996 908 1160 974 curiarum
1194 918 1335 988 uterque

144 1007 272 1074 vicinus
316 1009 507 1090 reparabit;
552 1010 581 1075 si
620 1014 732 1075 antem
776 1029 841 1077 uno
888 1019 1025 1093 petente
1070 1012 1157 1079 alter
1200 1032 1335 1094 repara-

142 1111 263 1179 tionem
287 1113 540 1195 contradixerit,
572 1123 652 1180 tuuc
673 1132 837 1197 reparans
861 1115 1023 1196 parietem
1047 1135 1087 1185 eo
1109 1119 1198 1183 solus
1221 1125 1335 1184 utetur

143 1221 175 1280 et
210 1217 310 1301 altor,
348 1217 413 1284 nisi
449 1237 570 1286 novum
606 1237 664 1301 pro
702 1219 771 1284 suis
809 1226 986 1288 construat
1020 1221 1180 1303 parietem
1211 1223 1337 1304 usibus,
1445 1289 1448 1292 .

142 1322 331 1388 nonhabet
354 1324 409 1406 jus
439 1321 555 1388 utendi
585 1322 715 1404 pariete
744 1323 857 1406 vicini,
887 1326 952 1391 nisi
982 1326 1152 1391 licentiam
1182 1327 1335 1393 obtineat

142 1427 180 1490 ab
203 1427 329 1493 eodem.
352 1427 448 1494 Unde
471 1427 622 1508 quamvis
645 1428 758 1508 paries
780 1427 844 1492 fuit
868 1429 1048 1494 communis
1064 1429 1197 1510 utrique
1216 1430 1334 1512 vicino,

142 1537 251 1596 tamen
285 1531 352 1613 ille,
386 1533 444 1612 qui
477 1531 621 1598 monitus
655 1533 763 1613 ipsum
800 1532 983 1599 reformare
1017 1533 1227 1618 tempestive,
1260 1553 1334 1600 cum

141 1631 293 1719 indiguit,
314 1637 473 1718 neglexit,
492 1639 549 1721 jus
572 1637 699 1718 utendi,
727 1638 815 1716 quod
834 1636 938 1719 prius
970 1638 1097 1721 habuit,
1128 1641 1169 1704 de
1199 1645 1334 1706 caetero

141 1755 203 1803 non
225 1739 384 1806 habebit
403 1740 449 1806 Et
471 1741 535 1806 hoc
553 1741 608 1822 jus
632 1746 761 1807 tantum
792 1743 892 1807 durat
917 1761 974 1823 pro
1002 1749 1151 1825 tempore
1175 1742 1333 1824 parietis;

142 1859 177 1906 eo
199 1843 286 1908 enim
321 1849 449 1922 ruente,
481 1844 510 1910 si
535 1843 602 1923 ille,
636 1845 693 1924 qui
725 1845 816 1926 prius
847 1846 1092 1926 reparationem
1124 1846 1236 1914 iacere
1267 1865 1333 1912 nou

142 1947 280 2030 curavit,
313 1952 452 2029 paratus
478 1949 524 2014 sit
554 1968 627 2015 cum
661 1950 770 2015 vicino
809 1949 909 2014 alium
940 1950 1104 2032 parietem
1133 1951 1332 2033 instaurare,

142 2049 283 2130 acquirit
320 2052 441 2119 iterum
474 2055 583 2134 quoad
615 2071 710 2118 usum
744 2054 884 2135 parietis
914 2056 970 2137 jus
1005 2055 1183 2134 antiquum.
1227 2056 1269 2121 It.
1302 2057 1333 2122 si

141 2153 227 2220 iacto
249 2156 404 2223 incendio
427 2157 482 2222 vel
505 2159 571 2224 alia
594 2158 760 2224 vastitate
791 2162 833 2224 de
864 2159 1049 2241 parietibus
1080 2161 1171 2225 inter
1201 2159 1330 2225 vicinas

142 2259 249 2326 domos
271 2258 424 2326 fruendis
447 2262 639 2329 dubitatum
660 2262 772 2345 fuerit,
795 2262 1008 2329 mandabitur
1031 2261 1169 2330 cuilibet
1198 2263 1331 2346 hospiti,

142 2366 224 2441 quod
247 2364 405 2430 intrando
429 2366 559 2431 domurn
583 2369 626 2432 ad
650 2366 778 2432 dextris
810 2367 973 2447 parietem
1006 2386 1065 2448 pro
1098 2385 1135 2432 se
1162 2373 1198 2433 et
1220 2367 1330 2434 vicino

142 2465 240 2534 iaciat
262 2487 476 2552 communem,
503 2470 568 2536 nisi
591 2471 694 2551 aliqui
724 2471 828 2536 vicini
856 2470 975 2538 malint
1005 2473 1087 2537 duos
1117 2471 1265 2553 parietes
1295 2472 1330 2537 in

143 2571 242 2653 nodio
265 2590 379 2638 eorum
402 2573 524 2642 iacere.

237 2712 310 2779 213.
334 2713 384 2776 De
413 2714 572 2795 aediliciis
601 2724 753 2798 quantum
786 2715 830 2776 cd
862 2737 1014 2778 orcarum
1048 2718 1326 2781 mensurationem.

143 2812 216 2878 Cum
237 2823 472 2884 mensurantur
494 2819 606 2900 spatia
637 2838 798 2887 novarum
825 2838 978 2885 arearum
1008 2820 1063 2885 vel
1092 2820 1240 2902 limitum,
1271 2819 1329 2903 illi,

144 2918 193 2981 oui
213 2921 301 2987 cedit
323 2922 495 2988 hereditas
518 2923 552 2989 in
575 2923 647 2989 acie
671 2922 906 3004 extremitatis,
930 2923 1003 3004 plus
1027 2925 1127 2988 datur
1150 2926 1191 2990 de
1218 2926 1329 3005 spatio

143 3040 233 3100 quam
254 3025 354 3092 alteri
377 3027 412 3095 in
435 3028 541 3093 medio
564 3027 744 3109 residenti3
766 3027 845 3108 quia
875 3029 962 3094 tales'
993 3028 1026 3094 in
1058 3029 1215 3098 extremis
1246 3031 1328 3095 resi·

144 3127 254 3194 dentes
276 3148 393 3211 pacem
414 3137 448 3196 et
465 3130 747 3198 confirmationem
763 3149 964 3198 communem
982 3131 1123 3213 pecunia
1139 3135 1199 3196 sua
1214 3130 1329 3201 iacere

143 3229 209 3311 ipso
227 3234 301 3318 jure
324 3240 405 3300 suut
426 3235 569 3302 astricti.

238 3373 311 3434 214.
330 3372 382 3435 De
398 3373 559 3453 ceda‘ficiio
576 3374 712 3438 casuris.
728 3371 781 3438 De
796 3373 958 3440 aedificiis
972 3372 1100 3439 ruinam
1116 3374 1329 3459 minantibus,

144 3473 171 3538 si
191 3475 362 3558 dampnum
385 3479 427 3543 de
457 3477 541 3560 ipsis
573 3477 720 3560 timetur,
751 3479 852 3543 debet
884 3477 1085 3558 protestatio
1116 3480 1157 3544 de
1189 3480 1328 3561 dampno

144 3574 247 3644 futuro
275 3579 461 3663 interpoui3
492 3584 577 3648 unde
605 3584 647 3646 de
669 3583 811 3660 dampno
835 3581 925 3647 iacto
948 3581 1161 3648 resarciendo
1186 3583 1327 3666 actione,

144 3679 202 3746 nisi
223 3685 421 3764 protestatio
444 3685 679 3766 praecesserit,
703 3702 769 3750 non
792 3689 935 3752 tenetur.

239 3824 310 3888 215.
332 3822 387 3886 Au
419 3823 514 3888 idem.
547 3823 614 3890 Per
647 3823 791 3890 vicinum
825 3823 861 3888 in
895 3823 1019 3889 curiam
1052 3823 1192 3890 alterius
1226 3824 1329 3891 vicini

145 3921 302 3993 fenestrae
325 3927 399 3994 fieri
421 3927 657 4010 prohibentur;
682 3930 769 3995 unde
789 3927 819 3993 si
834 3927 947 3994 factae
961 3928 1097 4013 fuerint,
1112 3935 1253 4010 possunt
1268 3948 1329 4010 per

145 4026 287 4114 vicinum,
309 4031 345 4096 in
367 4032 461 4098 cuius
484 4033 610 4098 curiam
633 4033 785 4110 tendunt,
809 4032 938 4098 obstrui
960 4033 1174 4100 aedificando.

239 4135 482 4218 (Residuum
504 4136 633 4220 huJ‘us
655 4136 867 4203 materiae
894 4137 1070 4216 require
1093 4137 1223 4218 primo
1249 4137 1327 4218 „De

146 4232 232 4314 iure
252 4237 488 4307 novalium“
514 4244 555 4304 et
580 4239 658 4322 ,De
685 4239 942 4305 luminibus“
972 4247 1014 4306 et
1037 4241 1222 4306 secundo
1250 4240 1326 4325 „Dc

149 4336 344 4422 dampnis“
370 4348 412 4410 ct
435 4339 553 4409 infra
578 4343 655 4425 „De
685 4343 1031 4430 servitutibus“).
