<?xml version="1.0" encoding="UTF-8"?>
<!DOCTYPE html PUBLIC "-//W3C//DTD XHTML 1.0 Transitional//EN"
    "http://www.w3.org/TR/xhtml1/DTD/xhtml1-transitional.dtd">
<html xmlns="http://www.w3.org/1999/xhtml" xml:lang="en" lang="en">
 <head>
  <title>
</title>
<meta http-equiv="Content-Type" content="text/html;charset=utf-8" />
  <meta name='ocr-system' content='tesseract 3.04.00' />
  <meta name='ocr-capabilities' content='ocr_page ocr_carea ocr_par ocr_line ocrx_word'/>
</head>
<body>
  <div class='ocr_page' id='page_1' title='image "./codexjurisbohem00unkngoog_0293.png"; bbox 0 0 3275 5009; ppageno 0'>
   <div class='ocr_carea' id='block_1_1' title="bbox 679 365 1357 425">
    <p class='ocr_par' dir='ltr' id='par_1_1' title="bbox 679 365 1357 425">
     <span class='ocr_line' id='line_1_1' title="bbox 679 365 1357 425; baseline 0.012 -8"><span class='ocrx_word' id='word_1_1' title='bbox 679 365 846 418; x_wconf 85' lang='lat' dir='ltr'>Brunenses.</span> <span class='ocrx_word' id='word_1_2' title='bbox 1306 374 1357 425; x_wconf 77' lang='lat'>277</span> 
     </span>
    </p>
   </div>
   <div class='ocr_carea' id='block_1_2' title="bbox 163 567 1357 967">
    <p class='ocr_par' dir='ltr' id='par_1_2' title="bbox 163 567 1357 967">
     <span class='ocr_line' id='line_1_2' title="bbox 165 567 1357 654; baseline 0.009 -23"><span class='ocrx_word' id='word_1_3' title='bbox 165 567 399 653; x_wconf 79' lang='lat' dir='ltr'><strong>implicaretur,</strong></span> <span class='ocrx_word' id='word_1_4' title='bbox 411 571 486 651; x_wconf 91' lang='lat' dir='ltr'>plus</span> <span class='ocrx_word' id='word_1_5' title='bbox 499 578 691 654; x_wconf 78' lang='lat' dir='ltr'>gravarent,</span> <span class='ocrx_word' id='word_1_6' title='bbox 708 579 886 639; x_wconf 86' lang='lat' dir='ltr'>accusatus</span> <span class='ocrx_word' id='word_1_7' title='bbox 898 574 932 640; x_wconf 91' lang='lat' dir='ltr'>in</span> <span class='ocrx_word' id='word_1_8' title='bbox 945 574 1006 641; x_wconf 89' lang='lat' dir='ltr'>tali</span> <span class='ocrx_word' id='word_1_9' title='bbox 1018 575 1153 642; x_wconf 87' lang='lat' dir='ltr'>vollaist</span> <span class='ocrx_word' id='word_1_10' title='bbox 1170 596 1236 642; x_wconf 90' lang='lat' dir='ltr'>non</span> <span class='ocrx_word' id='word_1_11' title='bbox 1256 580 1357 642; x_wconf 87' lang='lat' dir='ltr'>debet</span> 
     </span>
     <span class='ocr_line' id='line_1_3' title="bbox 165 675 1356 761; baseline 0.008 -25"><span class='ocrx_word' id='word_1_12' title='bbox 165 675 300 755; x_wconf 82' lang='lat' dir='ltr'>gravius</span> <span class='ocrx_word' id='word_1_13' title='bbox 323 678 477 757; x_wconf 88' lang='lat' dir='ltr'>evadere,</span> <span class='ocrx_word' id='word_1_14' title='bbox 501 676 565 742; x_wconf 91' lang='lat' dir='ltr'>uisi</span> <span class='ocrx_word' id='word_1_15' title='bbox 590 696 647 758; x_wconf 94' lang='lat' dir='ltr'>pro</span> <span class='ocrx_word' id='word_1_16' title='bbox 671 677 737 744; x_wconf 87' lang='lat' dir='ltr'>alio</span> <span class='ocrx_word' id='word_1_17' title='bbox 760 678 904 761; x_wconf 85' lang='lat' dir='ltr'>vollaist,</span> <span class='ocrx_word' id='word_1_18' title='bbox 929 682 1015 758; x_wconf 92' lang='lat' dir='ltr'>quod</span> <span class='ocrx_word' id='word_1_19' title='bbox 1034 680 1216 760; x_wconf 78' lang='lat' dir='ltr'>imponitur</span> <span class='ocrx_word' id='word_1_20' title='bbox 1231 682 1356 747; x_wconf 90' lang='lat' dir='ltr'>homini</span> 
     </span>
     <span class='ocr_line' id='line_1_4' title="bbox 164 777 1356 864; baseline 0.008 -24"><span class='ocrx_word' id='word_1_21' title='bbox 164 777 195 841; x_wconf 91' lang='lat' dir='ltr'>in</span> <span class='ocrx_word' id='word_1_22' title='bbox 218 778 388 844; x_wconf 90' lang='lat' dir='ltr'>homicidii</span> <span class='ocrx_word' id='word_1_23' title='bbox 412 781 672 864; x_wconf 77' lang='lat' dir='ltr'>perpetratione,</span> <span class='ocrx_word' id='word_1_24' title='bbox 705 782 782 861; x_wconf 89' lang='lat' dir='ltr'>quia</span> <span class='ocrx_word' id='word_1_25' title='bbox 813 785 1005 849; x_wconf 88' lang='lat' dir='ltr'>mettertius</span> <span class='ocrx_word' id='word_1_26' title='bbox 1031 784 1177 850; x_wconf 91' lang='lat' dir='ltr'>virorum</span> <span class='ocrx_word' id='word_1_27' title='bbox 1213 784 1356 851; x_wconf 89' lang='lat' dir='ltr'>fidelium</span> 
     </span>
     <span class='ocr_line' id='line_1_5' title="bbox 163 882 1008 967; baseline 0.009 -21"><span class='ocrx_word' id='word_1_28' title='bbox 163 882 288 961; x_wconf 90' lang='lat' dir='ltr'>poterit</span> <span class='ocrx_word' id='word_1_29' title='bbox 311 902 347 948; x_wconf 88' lang='grc'>66</span> <span class='ocrx_word' id='word_1_30' title='bbox 371 901 569 967; x_wconf 82' lang='lat' dir='ltr'>expurgare.</span> <span class='ocrx_word' id='word_1_31' title='bbox 1006 884 1008 891; x_wconf 77' lang='grc'>’</span> 
     </span>
    </p>
   </div>
   <div class='ocr_carea' id='block_1_3' title="bbox 157 1020 1402 1837">
    <p class='ocr_par' dir='ltr' id='par_1_3' title="bbox 157 1020 1402 1837">
     <span class='ocr_line' id='line_1_6' title="bbox 268 1020 1357 1109; baseline 0.007 -25"><span class='ocrx_word' id='word_1_32' title='bbox 268 1020 600 1087; x_wconf 62' lang='lat' dir='ltr'>memorabamus</span> <span class='ocrx_word' id='word_1_33' title='bbox 613 1025 698 1085; x_wconf 78' lang='lat' dir='ltr'>iuter</span> <span class='ocrx_word' id='word_1_34' title='bbox 709 1021 828 1084; x_wconf 81' lang='lat' dir='ltr'>laicum</span> <span class='ocrx_word' id='word_1_35' title='bbox 841 1033 871 1087; x_wconf 83' lang='grc'>61</span> <span class='ocrx_word' id='word_1_36' title='bbox 883 1026 1078 1091; x_wconf 77' lang='lat' dir='ltr'>ordinatam.</span> <span class='ocrx_word' id='word_1_37' title='bbox 1090 1026 1263 1109; x_wconf 83' lang='lat' dir='ltr'>Injudieio</span> <span class='ocrx_word' id='word_1_38' title='bbox 1277 1027 1357 1092; x_wconf 79' lang='lat' dir='ltr'>civi·</span> 
     </span>
     <span class='ocr_line' id='line_1_7' title="bbox 161 1124 1353 1210; baseline 0.005 -21"><span class='ocrx_word' id='word_1_39' title='bbox 161 1126 243 1189; x_wconf 85' lang='lat' dir='ltr'>tatis</span> <span class='ocrx_word' id='word_1_40' title='bbox 267 1124 400 1205; x_wconf 90' lang='lat' dir='ltr'>quidam</span> <span class='ocrx_word' id='word_1_41' title='bbox 424 1125 583 1191; x_wconf 91' lang='lat' dir='ltr'>diaconus</span> <span class='ocrx_word' id='word_1_42' title='bbox 600 1137 801 1207; x_wconf 83' lang='lat' dir='ltr'>conquestus</span> <span class='ocrx_word' id='word_1_43' title='bbox 818 1134 871 1194; x_wconf 89' lang='lat' dir='ltr'>est</span> <span class='ocrx_word' id='word_1_44' title='bbox 887 1131 927 1194; x_wconf 89' lang='lat' dir='ltr'>de</span> <span class='ocrx_word' id='word_1_45' title='bbox 943 1128 1037 1210; x_wconf 86' lang='lat' dir='ltr'>laico,</span> <span class='ocrx_word' id='word_1_46' title='bbox 1054 1133 1139 1210; x_wconf 92' lang='lat' dir='ltr'>quod</span> <span class='ocrx_word' id='word_1_47' title='bbox 1155 1150 1228 1195; x_wconf 91' lang='lat' dir='ltr'>eum</span> <span class='ocrx_word' id='word_1_48' title='bbox 1245 1132 1353 1196; x_wconf 89' lang='lat' dir='ltr'>noctis</span> 
     </span>
     <span class='ocr_line' id='line_1_8' title="bbox 160 1230 1356 1317; baseline 0.008 -25"><span class='ocrx_word' id='word_1_49' title='bbox 160 1233 309 1309; x_wconf 89' lang='lat' dir='ltr'>tempore</span> <span class='ocrx_word' id='word_1_50' title='bbox 333 1230 562 1312; x_wconf 85' lang='lat' dir='ltr'>vulnerasset;</span> <span class='ocrx_word' id='word_1_51' title='bbox 585 1232 692 1297; x_wconf 85' lang='lat' dir='ltr'>laicus</span> <span class='ocrx_word' id='word_1_52' title='bbox 715 1237 836 1310; x_wconf 86' lang='lat' dir='ltr'>autem,</span> <span class='ocrx_word' id='word_1_53' title='bbox 860 1250 933 1297; x_wconf 90' lang='lat' dir='ltr'>cum</span> <span class='ocrx_word' id='word_1_54' title='bbox 953 1234 1142 1317; x_wconf 77' lang='lat' dir='ltr'>J‘uramento</span> <span class='ocrx_word' id='word_1_55' title='bbox 1173 1253 1247 1300; x_wconf 92' lang='lat' dir='ltr'>eum</span> <span class='ocrx_word' id='word_1_56' title='bbox 1278 1254 1356 1301; x_wconf 82' lang='lat' dir='ltr'>eva-</span> 
     </span>
     <span class='ocr_line' id='line_1_9' title="bbox 159 1333 1356 1416; baseline 0.005 -19"><span class='ocrx_word' id='word_1_57' title='bbox 159 1334 272 1414; x_wconf 84' lang='lat' dir='ltr'>sisset,</span> <span class='ocrx_word' id='word_1_58' title='bbox 303 1333 425 1414; x_wconf 86' lang='lat' dir='ltr'>petivit</span> <span class='ocrx_word' id='word_1_59' title='bbox 454 1353 513 1413; x_wconf 95' lang='lat' dir='ltr'>pro</span> <span class='ocrx_word' id='word_1_60' title='bbox 542 1353 578 1398; x_wconf 90' lang='grc'>66</span> <span class='ocrx_word' id='word_1_61' title='bbox 610 1336 819 1416; x_wconf 70' lang='lat' dir='ltr'>sententian,</span> <span class='ocrx_word' id='word_1_62' title='bbox 851 1340 960 1400; x_wconf 87' lang='lat' dir='ltr'>utrum</span> <span class='ocrx_word' id='word_1_63' title='bbox 992 1354 1057 1402; x_wconf 92' lang='lat' dir='ltr'>non</span> <span class='ocrx_word' id='word_1_64' title='bbox 1084 1339 1224 1403; x_wconf 88' lang='lat' dir='ltr'>deberet</span> <span class='ocrx_word' id='word_1_65' title='bbox 1256 1340 1356 1404; x_wconf 88' lang='lat' dir='ltr'>etiam</span> 
     </span>
     <span class='ocr_line' id='line_1_10' title="bbox 159 1436 1356 1521; baseline 0.006 -20"><span class='ocrx_word' id='word_1_66' title='bbox 159 1453 239 1502; x_wconf 85' lang='lat' dir='ltr'>suae</span> <span class='ocrx_word' id='word_1_67' title='bbox 265 1436 490 1515; x_wconf 86' lang='lat' dir='ltr'>querimoniae</span> <span class='ocrx_word' id='word_1_68' title='bbox 513 1438 689 1504; x_wconf 86' lang='lat' dir='ltr'>viceversa</span> <span class='ocrx_word' id='word_1_69' title='bbox 716 1438 946 1521; x_wconf 85' lang='lat' dir='ltr'>respondere?</span> <span class='ocrx_word' id='word_1_70' title='bbox 969 1440 1077 1521; x_wconf 85' lang='lat' dir='ltr'>Super</span> <span class='ocrx_word' id='word_1_71' title='bbox 1100 1461 1162 1521; x_wconf 91' lang='lat' dir='ltr'>quo</span> <span class='ocrx_word' id='word_1_72' title='bbox 1186 1449 1356 1508; x_wconf 90' lang='lat' dir='ltr'>senten·</span> 
     </span>
     <span class='ocr_line' id='line_1_11' title="bbox 158 1540 1402 1629; baseline 0.003 -26"><span class='ocrx_word' id='word_1_73' title='bbox 158 1540 317 1606; x_wconf 87' lang='lat' dir='ltr'>tiatum</span> <span class='ocrx_word' id='word_1_74' title='bbox 351 1540 451 1606; x_wconf 87' lang='lat' dir='ltr'>fuit:</span> <span class='ocrx_word' id='word_1_75' title='bbox 487 1542 567 1607; x_wconf 84' lang='lat' dir='ltr'>(lum</span> <span class='ocrx_word' id='word_1_76' title='bbox 602 1549 698 1608; x_wconf 86' lang='lat' dir='ltr'>actor</span> <span class='ocrx_word' id='word_1_77' title='bbox 729 1541 836 1609; x_wconf 88' lang='lat' dir='ltr'>forum</span> <span class='ocrx_word' id='word_1_78' title='bbox 869 1543 927 1611; x_wconf 62' lang='lat' dir='ltr'>rei,</span> <span class='ocrx_word' id='word_1_79' title='bbox 954 1546 1048 1624; x_wconf 90' lang='lat' dir='ltr'>sequi</span> <span class='ocrx_word' id='word_1_80' title='bbox 1085 1548 1215 1629; x_wconf 86' lang='lat' dir='ltr'>debeat,</span> <span class='ocrx_word' id='word_1_81' title='bbox 1249 1546 1355 1611; x_wconf 87' lang='lat' dir='ltr'>laicus</span> <span class='ocrx_word' id='word_1_82' title='bbox 1399 1601 1402 1607; x_wconf 87' lang='lat'><em>.</em></span> 
     </span>
     <span class='ocr_line' id='line_1_12' title="bbox 157 1645 1356 1729; baseline 0.007 -21"><span class='ocrx_word' id='word_1_83' title='bbox 157 1646 261 1710; x_wconf 89' lang='lat' dir='ltr'>debet</span> <span class='ocrx_word' id='word_1_84' title='bbox 296 1646 336 1709; x_wconf 94' lang='grc'>16</span> <span class='ocrx_word' id='word_1_85' title='bbox 361 1645 499 1711; x_wconf 90' lang='grc'><strong>1166666</strong></span> <span class='ocrx_word' id='word_1_86' title='bbox 534 1646 587 1712; x_wconf 86' lang='lat' dir='ltr'>vel</span> <span class='ocrx_word' id='word_1_87' title='bbox 622 1646 687 1712; x_wconf 91' lang='lat' dir='ltr'>alio</span> <span class='ocrx_word' id='word_1_88' title='bbox 722 1647 876 1712; x_wconf 88' lang='lat' dir='ltr'>ordinato</span> <span class='ocrx_word' id='word_1_89' title='bbox 911 1666 1020 1712; x_wconf 88' lang='lat' dir='ltr'>coram</span> <span class='ocrx_word' id='word_1_90' title='bbox 1051 1648 1164 1729; x_wconf 90' lang='lat' dir='ltr'>judice</span> <span class='ocrx_word' id='word_1_91' title='bbox 1199 1652 1356 1729; x_wconf 77' lang='lat' dir='ltr'>conqueri</span> 
     </span>
     <span class='ocr_line' id='line_1_13' title="bbox 157 1748 1354 1837; baseline 0.005 -24"><span class='ocrx_word' id='word_1_92' title='bbox 157 1748 334 1829; x_wconf 78' lang='lat' dir='ltr'>canonico,</span> <span class='ocrx_word' id='word_1_93' title='bbox 369 1750 541 1815; x_wconf 89' lang='lat' dir='ltr'>ordinatus</span> <span class='ocrx_word' id='word_1_94' title='bbox 576 1756 687 1815; x_wconf 89' lang='lat' dir='ltr'>autem</span> <span class='ocrx_word' id='word_1_95' title='bbox 721 1753 762 1815; x_wconf 87' lang='lat' dir='ltr'>de</span> <span class='ocrx_word' id='word_1_96' title='bbox 796 1751 881 1837; x_wconf 88' lang='lat' dir='ltr'>laico</span> <span class='ocrx_word' id='word_1_97' title='bbox 917 1752 1076 1829; x_wconf 90' lang='lat' dir='ltr'>conqueri</span> <span class='ocrx_word' id='word_1_98' title='bbox 1099 1754 1199 1817; x_wconf 88' lang='lat' dir='ltr'>debet</span> <span class='ocrx_word' id='word_1_99' title='bbox 1222 1753 1257 1818; x_wconf 89' lang='lat' dir='ltr'>in</span> <span class='ocrx_word' id='word_1_100' title='bbox 1280 1774 1354 1819; x_wconf 91' lang='grc'><strong>666-</strong></span> 
     </span>
    </p>
   </div>
   <div class='ocr_carea' id='block_1_4' title="bbox 156 1854 411 1918">
    <p class='ocr_par' dir='ltr' id='par_1_4' title="bbox 156 1854 411 1918">
     <span class='ocr_line' id='line_1_14' title="bbox 156 1854 411 1918; baseline -0.004 0"><span class='ocrx_word' id='word_1_101' title='bbox 156 1854 232 1918; x_wconf 86' lang='grc'><strong>61116</strong></span> <span class='ocrx_word' id='word_1_102' title='bbox 259 1854 411 1918; x_wconf 87' lang='lat' dir='ltr'>seculari.</span> 
     </span>
    </p>
   </div>
   <div class='ocr_carea' id='block_1_5' title="bbox 149 1992 1355 3116">
    <p class='ocr_par' dir='ltr' id='par_1_5' title="bbox 149 1992 1355 3116">
     <span class='ocr_line' id='line_1_15' title="bbox 265 1992 1353 2077; baseline 0.004 -22"><span class='ocrx_word' id='word_1_103' title='bbox 265 1994 336 2056; x_wconf 76' lang='lat'><em>727.</em></span> <span class='ocrx_word' id='word_1_104' title='bbox 373 1994 422 2053; x_wconf 80' lang='lat' dir='ltr'>Dc</span> <span class='ocrx_word' id='word_1_105' title='bbox 456 1992 643 2057; x_wconf 75' lang='lat' dir='ltr'>volueribus</span> <span class='ocrx_word' id='word_1_106' title='bbox 673 2004 703 2055; x_wconf 87' lang='lat' dir='ltr'>et</span> <span class='ocrx_word' id='word_1_107' title='bbox 732 1994 895 2056; x_wconf 74' lang='lat' dir='ltr'>violenciis</span> <span class='ocrx_word' id='word_1_108' title='bbox 932 1996 965 2055; x_wconf 82' lang='lat' dir='ltr'>iu</span> <span class='ocrx_word' id='word_1_109' title='bbox 1001 1997 1104 2055; x_wconf 81' lang='lat' dir='ltr'>sacris</span> <span class='ocrx_word' id='word_1_110' title='bbox 1141 1994 1353 2077; x_wconf 66' lang='lat' dir='ltr'>lucrefactis.</span> 
     </span>
     <span class='ocr_line' id='line_1_16' title="bbox 154 2090 1351 2180; baseline 0.002 -18"><span class='ocrx_word' id='word_1_111' title='bbox 154 2098 244 2162; x_wconf 89' lang='lat' dir='ltr'>Dum</span> <span class='ocrx_word' id='word_1_112' title='bbox 267 2090 526 2163; x_wconf 55' lang='lat' dir='ltr'>iu’monasterio</span> <span class='ocrx_word' id='word_1_113' title='bbox 557 2100 697 2178; x_wconf 83' lang='lat' dir='ltr'>quodam</span> <span class='ocrx_word' id='word_1_114' title='bbox 727 2099 833 2164; x_wconf 88' lang='lat' dir='ltr'>laicus</span> <span class='ocrx_word' id='word_1_115' title='bbox 856 2098 976 2164; x_wconf 88' lang='lat' dir='ltr'>laicum</span> <span class='ocrx_word' id='word_1_116' title='bbox 999 2100 1211 2164; x_wconf 87' lang='lat' dir='ltr'>vulnerasset</span> <span class='ocrx_word' id='word_1_117' title='bbox 1235 2104 1270 2163; x_wconf 91' lang='lat' dir='ltr'>et</span> <span class='ocrx_word' id='word_1_118' title='bbox 1292 2118 1351 2180; x_wconf 94' lang='lat' dir='ltr'>pro</span> 
     </span>
     <span class='ocr_line' id='line_1_17' title="bbox 155 2202 1355 2284; baseline 0.003 -18"><span class='ocrx_word' id='word_1_119' title='bbox 155 2219 193 2266; x_wconf 93' lang='lat' dir='ltr'>eo</span> <span class='ocrx_word' id='word_1_120' title='bbox 216 2206 352 2265; x_wconf 91' lang='lat' dir='ltr'>tantum</span> <span class='ocrx_word' id='word_1_121' title='bbox 376 2202 410 2265; x_wconf 94' lang='lat' dir='ltr'>in</span> <span class='ocrx_word' id='word_1_122' title='bbox 429 2204 557 2283; x_wconf 83' lang='lat' dir='ltr'>jndicio</span> <span class='ocrx_word' id='word_1_123' title='bbox 573 2202 744 2284; x_wconf 85' lang='lat' dir='ltr'>spirituali</span> <span class='ocrx_word' id='word_1_124' title='bbox 759 2202 958 2268; x_wconf 81' lang='lat' dir='ltr'>satisfacere</span> <span class='ocrx_word' id='word_1_125' title='bbox 975 2203 1086 2283; x_wconf 88' lang='lat' dir='ltr'>vellet,</span> <span class='ocrx_word' id='word_1_126' title='bbox 1103 2206 1144 2267; x_wconf 88' lang='lat' dir='ltr'>ad</span> <span class='ocrx_word' id='word_1_127' title='bbox 1162 2203 1355 2283; x_wconf 89' lang='lat' dir='ltr'>petitionem</span> 
     </span>
     <span class='ocr_line' id='line_1_18' title="bbox 149 2306 1352 2389; baseline 0.002 -20"><span class='ocrx_word' id='word_1_128' title='bbox 149 2308 342 2389; x_wconf 84' lang='lat' dir='ltr'>juratorum</span> <span class='ocrx_word' id='word_1_129' title='bbox 359 2307 479 2373; x_wconf 87' lang='lat' dir='ltr'>ibidem</span> <span class='ocrx_word' id='word_1_130' title='bbox 505 2308 830 2373; x_wconf 85' lang='lat' dir='ltr'>sententiatum</span> <span class='ocrx_word' id='word_1_131' title='bbox 856 2315 921 2372; x_wconf 90' lang='lat' dir='ltr'>est</span> <span class='ocrx_word' id='word_1_132' title='bbox 944 2306 1021 2372; x_wconf 91' lang='lat' dir='ltr'>sic:</span> <span class='ocrx_word' id='word_1_133' title='bbox 1044 2308 1212 2373; x_wconf 86' lang='lat' dir='ltr'>Licetuni</span> <span class='ocrx_word' id='word_1_134' title='bbox 1230 2307 1352 2373; x_wconf 87' lang='lat' dir='ltr'>delicto</span> 
     </span>
     <span class='ocr_line' id='line_1_19' title="bbox 152 2411 1350 2494; baseline 0.002 -19"><span class='ocrx_word' id='word_1_135' title='bbox 152 2412 420 2490; x_wconf 86' lang='lat' dir='ltr'>correspondeat</span> <span class='ocrx_word' id='word_1_136' title='bbox 442 2431 509 2477; x_wconf 91' lang='grc'>666</span> <span class='ocrx_word' id='word_1_137' title='bbox 541 2432 656 2494; x_wconf 88' lang='lat' dir='ltr'>poena,</span> <span class='ocrx_word' id='word_1_138' title='bbox 687 2419 799 2477; x_wconf 88' lang='lat' dir='ltr'>tamen</span> <span class='ocrx_word' id='word_1_139' title='bbox 832 2414 861 2477; x_wconf 92' lang='lat' dir='ltr'>si</span> <span class='ocrx_word' id='word_1_140' title='bbox 892 2412 997 2477; x_wconf 86' lang='lat' dir='ltr'>laicus</span> <span class='ocrx_word' id='word_1_141' title='bbox 1029 2411 1150 2476; x_wconf 84' lang='lat' dir='ltr'>laicum</span> <span class='ocrx_word' id='word_1_142' title='bbox 1182 2412 1234 2477; x_wconf 91' lang='lat' dir='ltr'>vel</span> <span class='ocrx_word' id='word_1_143' title='bbox 1266 2413 1350 2477; x_wconf 90' lang='lat' dir='ltr'>ordi·</span> 
     </span>
     <span class='ocr_line' id='line_1_20' title="bbox 151 2503 1350 2599; baseline 0.003 -21"><span class='ocrx_word' id='word_1_144' title='bbox 151 2503 333 2582; x_wconf 79' lang='grc'><strong>66161661</strong></span> <span class='ocrx_word' id='word_1_145' title='bbox 356 2515 390 2579; x_wconf 92' lang='lat' dir='ltr'>iu</span> <span class='ocrx_word' id='word_1_146' title='bbox 409 2516 535 2599; x_wconf 88' lang='lat' dir='ltr'>judicio</span> <span class='ocrx_word' id='word_1_147' title='bbox 559 2518 703 2582; x_wconf 89' lang='lat' dir='ltr'>seculari</span> <span class='ocrx_word' id='word_1_148' title='bbox 726 2516 949 2596; x_wconf 84' lang='lat' dir='ltr'>conqueritur,</span> <span class='ocrx_word' id='word_1_149' title='bbox 973 2516 1127 2581; x_wconf 90' lang='lat' dir='ltr'>vulnerat</span> <span class='ocrx_word' id='word_1_150' title='bbox 1151 2516 1204 2581; x_wconf 88' lang='lat' dir='ltr'>vel</span> <span class='ocrx_word' id='word_1_151' title='bbox 1226 2516 1350 2581; x_wconf 85' lang='lat' dir='ltr'>violeu-</span> 
     </span>
     <span class='ocr_line' id='line_1_21' title="bbox 151 2618 1351 2706; baseline 0.002 -24"><span class='ocrx_word' id='word_1_152' title='bbox 151 2618 236 2684; x_wconf 84' lang='lat' dir='ltr'>tiam</span> <span class='ocrx_word' id='word_1_153' title='bbox 271 2619 306 2683; x_wconf 90' lang='grc'>16</span> <span class='ocrx_word' id='word_1_154' title='bbox 338 2621 489 2702; x_wconf 87' lang='grc'><strong>66616616,</strong></span> <span class='ocrx_word' id='word_1_155' title='bbox 523 2620 557 2684; x_wconf 93' lang='grc'>16</span> <span class='ocrx_word' id='word_1_156' title='bbox 593 2621 764 2702; x_wconf 88' lang='lat' dir='ltr'>cimiterio,</span> <span class='ocrx_word' id='word_1_157' title='bbox 807 2623 861 2686; x_wconf 92' lang='lat' dir='ltr'>vel</span> <span class='ocrx_word' id='word_1_158' title='bbox 895 2620 960 2686; x_wconf 89' lang='lat' dir='ltr'>alio</span> <span class='ocrx_word' id='word_1_159' title='bbox 994 2624 1063 2686; x_wconf 90' lang='lat' dir='ltr'>loco</span> <span class='ocrx_word' id='word_1_160' title='bbox 1099 2620 1204 2685; x_wconf 90' lang='lat' dir='ltr'>cultui</span> <span class='ocrx_word' id='word_1_161' title='bbox 1239 2620 1351 2706; x_wconf 86' lang='lat' dir='ltr'>divino</span> 
     </span>
     <span class='ocr_line' id='line_1_22' title="bbox 152 2724 1351 2806; baseline 0.002 -19"><span class='ocrx_word' id='word_1_162' title='bbox 152 2730 355 2789; x_wconf 80' lang='lat' dir='ltr'>consecrato</span> <span class='ocrx_word' id='word_1_163' title='bbox 379 2724 443 2790; x_wconf 90' lang='lat' dir='ltr'>sibi</span> <span class='ocrx_word' id='word_1_164' title='bbox 466 2725 576 2802; x_wconf 88' lang='lat' dir='ltr'>infert,</span> <span class='ocrx_word' id='word_1_165' title='bbox 599 2726 779 2806; x_wconf 87' lang='lat' dir='ltr'>tripliciter</span> <span class='ocrx_word' id='word_1_166' title='bbox 810 2726 1008 2791; x_wconf 86' lang='lat' dir='ltr'>emendabit.</span> <span class='ocrx_word' id='word_1_167' title='bbox 1038 2724 1181 2789; x_wconf 85' lang='lat' dir='ltr'>Ratione</span> <span class='ocrx_word' id='word_1_168' title='bbox 1210 2742 1351 2803; x_wconf 89' lang='lat' dir='ltr'>namque</span> 
     </span>
     <span class='ocr_line' id='line_1_23' title="bbox 152 2827 1351 2913; baseline -0.001 -20"><span class='ocrx_word' id='word_1_169' title='bbox 152 2828 219 2893; x_wconf 89' lang='lat' dir='ltr'>loci</span> <span class='ocrx_word' id='word_1_170' title='bbox 244 2827 352 2900; x_wconf 87' lang='lat' dir='ltr'>laicus.</span> <span class='ocrx_word' id='word_1_171' title='bbox 381 2828 571 2894; x_wconf 84' lang='lat' dir='ltr'>satisfaciat</span> <span class='ocrx_word' id='word_1_172' title='bbox 597 2830 703 2913; x_wconf 86' lang='lat' dir='ltr'>judici</span> <span class='ocrx_word' id='word_1_173' title='bbox 733 2830 901 2908; x_wconf 90' lang='lat' dir='ltr'>canonico,</span> <span class='ocrx_word' id='word_1_174' title='bbox 930 2832 989 2895; x_wconf 93' lang='lat' dir='ltr'>sed</span> <span class='ocrx_word' id='word_1_175' title='bbox 1019 2828 1149 2894; x_wconf 90' lang='lat' dir='ltr'>ratione</span> <span class='ocrx_word' id='word_1_176' title='bbox 1181 2829 1351 2896; x_wconf 86' lang='lat' dir='ltr'>vulnerum</span> 
     </span>
     <span class='ocr_line' id='line_1_24' title="bbox 152 2932 1351 3015; baseline 0.001 -19"><span class='ocrx_word' id='word_1_177' title='bbox 152 2939 187 2997; x_wconf 93' lang='grc'>61</span> <span class='ocrx_word' id='word_1_178' title='bbox 211 2932 397 2997; x_wconf 86' lang='lat' dir='ltr'>violentiae</span> <span class='ocrx_word' id='word_1_179' title='bbox 421 2934 521 3015; x_wconf 86' lang='lat' dir='ltr'>judici</span> <span class='ocrx_word' id='word_1_180' title='bbox 537 2934 682 2999; x_wconf 90' lang='lat' dir='ltr'>seculari</span> <span class='ocrx_word' id='word_1_181' title='bbox 698 2936 868 3000; x_wconf 89' lang='lat' dir='ltr'>emendam</span> <span class='ocrx_word' id='word_1_182' title='bbox 885 2936 1002 3010; x_wconf 89' lang='lat' dir='ltr'>solvet,</span> <span class='ocrx_word' id='word_1_183' title='bbox 1019 2939 1053 2999; x_wconf 92' lang='lat' dir='ltr'>et</span> <span class='ocrx_word' id='word_1_184' title='bbox 1069 2934 1159 2997; x_wconf 91' lang='lat' dir='ltr'>laeso</span> <span class='ocrx_word' id='word_1_185' title='bbox 1177 2935 1351 3013; x_wconf 92' lang='lat' dir='ltr'>dampnum</span> 
     </span>
     <span class='ocr_line' id='line_1_25' title="bbox 152 3041 341 3116; baseline 0.005 -16"><span class='ocrx_word' id='word_1_186' title='bbox 152 3041 341 3116; x_wconf 86' lang='lat' dir='ltr'>componet.</span> 
     </span>
    </p>
   </div>
   <div class='ocr_carea' id='block_1_6' title="bbox 150 3174 1355 4403">
    <p class='ocr_par' dir='ltr' id='par_1_6' title="bbox 150 3174 1355 4403">
     <span class='ocr_line' id='line_1_26' title="bbox 262 3174 1352 3261; baseline -0.002 -24"><span class='ocrx_word' id='word_1_187' title='bbox 262 3178 334 3238; x_wconf 75' lang='lat'>723.</span> <span class='ocrx_word' id='word_1_188' title='bbox 365 3176 477 3238; x_wconf 83' lang='lat' dir='ltr'>Utrum</span> <span class='ocrx_word' id='word_1_189' title='bbox 492 3180 631 3260; x_wconf 75' lang='lat' dir='ltr'>juratos</span> <span class='ocrx_word' id='word_1_190' title='bbox 648 3179 834 3261; x_wconf 77' lang='lat' dir='ltr'>promissor</span> <span class='ocrx_word' id='word_1_191' title='bbox 864 3186 1035 3239; x_wconf 80' lang='grc'><strong>6661166166</strong></span> <span class='ocrx_word' id='word_1_192' title='bbox 1053 3197 1118 3259; x_wconf 82' lang='lat' dir='ltr'>pro</span> <span class='ocrx_word' id='word_1_193' title='bbox 1143 3175 1281 3238; x_wconf 78' lang='lat' dir='ltr'>emendis</span> <span class='ocrx_word' id='word_1_194' title='bbox 1304 3174 1352 3238; x_wconf 86' lang='grc'>661</span> 
     </span>
     <span class='ocr_line' id='line_1_27' title="bbox 150 3278 1351 3365; baseline 0 -22"><span class='ocrx_word' id='word_1_195' title='bbox 150 3278 345 3343; x_wconf 75' lang='lat' dir='ltr'>vulneribus</span> <span class='ocrx_word' id='word_1_196' title='bbox 376 3282 487 3363; x_wconf 75' lang='lat' dir='ltr'>possit</span> <span class='ocrx_word' id='word_1_197' title='bbox 520 3303 552 3343; x_wconf 80' lang='grc'>66</span> <span class='ocrx_word' id='word_1_198' title='bbox 585 3281 756 3364; x_wconf 78' lang='lat' dir='ltr'>defendere</span> <span class='ocrx_word' id='word_1_199' title='bbox 786 3304 850 3365; x_wconf 78' lang='lat' dir='ltr'>par</span> <span class='ocrx_word' id='word_1_200' title='bbox 886 3291 1012 3345; x_wconf 83' lang='lat' dir='ltr'>motwar.</span> <span class='ocrx_word' id='word_1_201' title='bbox 1056 3280 1196 3362; x_wconf 76' lang='lat' dir='ltr'>Quidam</span> <span class='ocrx_word' id='word_1_202' title='bbox 1236 3297 1351 3360; x_wconf 86' lang='lat' dir='ltr'>propo-</span> 
     </span>
     <span class='ocr_line' id='line_1_28' title="bbox 151 3382 1352 3466; baseline -0.002 -17"><span class='ocrx_word' id='word_1_203' title='bbox 151 3389 297 3449; x_wconf 89' lang='lat' dir='ltr'>suerunt</span> <span class='ocrx_word' id='word_1_204' title='bbox 330 3382 417 3449; x_wconf 89' lang='lat' dir='ltr'>huno</span> <span class='ocrx_word' id='word_1_205' title='bbox 452 3403 583 3450; x_wconf 86' lang='lat' dir='ltr'>casum:</span> <span class='ocrx_word' id='word_1_206' title='bbox 620 3385 799 3465; x_wconf 83' lang='lat' dir='ltr'>Postquam</span> <span class='ocrx_word' id='word_1_207' title='bbox 834 3388 871 3451; x_wconf 88' lang='lat' dir='ltr'>A.</span> <span class='ocrx_word' id='word_1_208' title='bbox 907 3388 1115 3466; x_wconf 87' lang='lat' dir='ltr'>amputasset</span> <span class='ocrx_word' id='word_1_209' title='bbox 1152 3382 1186 3447; x_wconf 92' lang='lat' dir='ltr'>B.</span> <span class='ocrx_word' id='word_1_210' title='bbox 1221 3402 1352 3447; x_wconf 89' lang='lat' dir='ltr'>manum</span> 
     </span>
     <span class='ocr_line' id='line_1_29' title="bbox 151 3486 1353 3570; baseline -0.002 -18"><span class='ocrx_word' id='word_1_211' title='bbox 151 3490 339 3568; x_wconf 83' lang='lat' dir='ltr'>sinistram,</span> <span class='ocrx_word' id='word_1_212' title='bbox 374 3495 409 3553; x_wconf 87' lang='grc'>61</span> <span class='ocrx_word' id='word_1_213' title='bbox 440 3491 481 3553; x_wconf 88' lang='grc'>61</span> <span class='ocrx_word' id='word_1_214' title='bbox 514 3492 687 3570; x_wconf 89' lang='lat' dir='ltr'>proborum</span> <span class='ocrx_word' id='word_1_215' title='bbox 722 3489 995 3555; x_wconf 83' lang='lat' dir='ltr'>intercessionem</span> <span class='ocrx_word' id='word_1_216' title='bbox 1032 3489 1176 3553; x_wconf 88' lang='lat' dir='ltr'>virorum</span> <span class='ocrx_word' id='word_1_217' title='bbox 1211 3486 1353 3569; x_wconf 80' lang='lat' dir='ltr'>gratiam</span> 
     </span>
     <span class='ocr_line' id='line_1_30' title="bbox 151 3592 1353 3675; baseline -0.002 -17"><span class='ocrx_word' id='word_1_218' title='bbox 151 3593 360 3658; x_wconf 85' lang='lat' dir='ltr'>obtinuisset</span> <span class='ocrx_word' id='word_1_219' title='bbox 394 3612 496 3667; x_wconf 85' lang='lat' dir='ltr'>suam,</span> <span class='ocrx_word' id='word_1_220' title='bbox 532 3594 719 3675; x_wconf 86' lang='lat' dir='ltr'>homagium</span> <span class='ocrx_word' id='word_1_221' title='bbox 753 3593 817 3657; x_wconf 88' lang='lat' dir='ltr'>sibi</span> <span class='ocrx_word' id='word_1_222' title='bbox 846 3592 998 3673; x_wconf 79' lang='grc'><strong>16616661,</strong></span> <span class='ocrx_word' id='word_1_223' title='bbox 1033 3592 1162 3671; x_wconf 89' lang='lat' dir='ltr'>sibique</span> <span class='ocrx_word' id='word_1_224' title='bbox 1194 3592 1353 3673; x_wconf 88' lang='lat' dir='ltr'>jurasset,</span> 
     </span>
     <span class='ocr_line' id='line_1_31' title="bbox 152 3694 1353 3777; baseline -0.004 -16"><span class='ocrx_word' id='word_1_225' title='bbox 152 3716 333 3777; x_wconf 86' lang='lat' dir='ltr'>numquam</span> <span class='ocrx_word' id='word_1_226' title='bbox 350 3698 392 3761; x_wconf 90' lang='lat' dir='ltr'>de</span> <span class='ocrx_word' id='word_1_227' title='bbox 408 3704 520 3762; x_wconf 89' lang='lat' dir='ltr'>cetero</span> <span class='ocrx_word' id='word_1_228' title='bbox 537 3706 655 3762; x_wconf 85' lang='lat' dir='ltr'>contra</span> <span class='ocrx_word' id='word_1_229' title='bbox 673 3699 780 3777; x_wconf 92' lang='lat' dir='ltr'>ipsum</span> <span class='ocrx_word' id='word_1_230' title='bbox 796 3695 917 3776; x_wconf 86' lang='lat' dir='ltr'>facere,</span> <span class='ocrx_word' id='word_1_231' title='bbox 934 3698 993 3759; x_wconf 87' lang='lat' dir='ltr'>sed</span> <span class='ocrx_word' id='word_1_232' title='bbox 1009 3714 1069 3775; x_wconf 93' lang='lat' dir='ltr'>pro</span> <span class='ocrx_word' id='word_1_233' title='bbox 1087 3694 1213 3759; x_wconf 90' lang='lat' dir='ltr'>viribus</span> <span class='ocrx_word' id='word_1_234' title='bbox 1230 3694 1353 3773; x_wconf 86' lang='lat' dir='ltr'>ubique</span> 
     </span>
     <span class='ocr_line' id='line_1_32' title="bbox 151 3797 1353 3867; baseline -0.004 -1"><span class='ocrx_word' id='word_1_235' title='bbox 151 3802 303 3866; x_wconf 91' lang='lat' dir='ltr'>locorum</span> <span class='ocrx_word' id='word_1_236' title='bbox 326 3802 474 3867; x_wconf 88' lang='lat' dir='ltr'>consiliis</span> <span class='ocrx_word' id='word_1_237' title='bbox 509 3808 544 3867; x_wconf 89' lang='lat' dir='ltr'>et</span> <span class='ocrx_word' id='word_1_238' title='bbox 578 3799 710 3867; x_wconf 83' lang='lat' dir='ltr'>auxiliis</span> <span class='ocrx_word' id='word_1_239' title='bbox 746 3800 810 3865; x_wconf 89' lang='lat' dir='ltr'>sibi</span> <span class='ocrx_word' id='word_1_240' title='bbox 844 3799 989 3864; x_wconf 89' lang='lat' dir='ltr'>fideliter</span> <span class='ocrx_word' id='word_1_241' title='bbox 1024 3800 1146 3864; x_wconf 90' lang='lat' dir='ltr'>debere</span> <span class='ocrx_word' id='word_1_242' title='bbox 1173 3797 1353 3862; x_wconf 87' lang='lat' dir='ltr'>assistere:</span> 
     </span>
     <span class='ocr_line' id='line_1_33' title="bbox 152 3901 1352 3987; baseline -0.004 -16"><span class='ocrx_word' id='word_1_243' title='bbox 152 3905 290 3987; x_wconf 85' lang='grc'><strong>6661111,</strong></span> <span class='ocrx_word' id='word_1_244' title='bbox 314 3908 401 3983; x_wconf 92' lang='lat' dir='ltr'>quod</span> <span class='ocrx_word' id='word_1_245' title='bbox 424 3905 544 3971; x_wconf 90' lang='lat' dir='ltr'>iterum</span> <span class='ocrx_word' id='word_1_246' title='bbox 568 3907 745 3971; x_wconf 86' lang='lat' dir='ltr'>secundam</span> <span class='ocrx_word' id='word_1_247' title='bbox 776 3923 906 3969; x_wconf 91' lang='lat' dir='ltr'>manum</span> <span class='ocrx_word' id='word_1_248' title='bbox 931 3903 994 3968; x_wconf 88' lang='lat' dir='ltr'>sibi</span> <span class='ocrx_word' id='word_1_249' title='bbox 1018 3902 1213 3983; x_wconf 87' lang='lat' dir='ltr'>amputavit.</span> <span class='ocrx_word' id='word_1_250' title='bbox 1246 3901 1352 3985; x_wconf 78' lang='lat' dir='ltr'>Quae·</span> 
     </span>
     <span class='ocr_line' id='line_1_34' title="bbox 151 4004 1354 4091; baseline -0.002 -18"><span class='ocrx_word' id='word_1_251' title='bbox 151 4009 245 4073; x_wconf 89' lang='lat' dir='ltr'>ritur</span> <span class='ocrx_word' id='word_1_252' title='bbox 268 4027 346 4091; x_wconf 83' lang='lat' dir='ltr'>ergo</span> <span class='ocrx_word' id='word_1_253' title='bbox 370 4012 417 4078; x_wconf 89' lang='lat' dir='ltr'>B..</span> <span class='ocrx_word' id='word_1_254' title='bbox 448 4016 557 4075; x_wconf 88' lang='lat' dir='ltr'>utrum</span> <span class='ocrx_word' id='word_1_255' title='bbox 582 4014 619 4075; x_wconf 94' lang='lat' dir='ltr'>A.</span> <span class='ocrx_word' id='word_1_256' title='bbox 644 4009 796 4090; x_wconf 89' lang='lat' dir='ltr'>perjurus</span> <span class='ocrx_word' id='word_1_257' title='bbox 829 4013 864 4073; x_wconf 92' lang='lat' dir='ltr'>et</span> <span class='ocrx_word' id='word_1_258' title='bbox 894 4006 1076 4087; x_wconf 79' lang='lat' dir='ltr'>fidefragus</span> <span class='ocrx_word' id='word_1_259' title='bbox 1109 4007 1144 4071; x_wconf 90' lang='lat' dir='ltr'>in</span> <span class='ocrx_word' id='word_1_260' title='bbox 1175 4024 1212 4069; x_wconf 91' lang='lat' dir='ltr'>eo</span> <span class='ocrx_word' id='word_1_261' title='bbox 1244 4004 1354 4070; x_wconf 83' lang='lat' dir='ltr'>factus</span> 
     </span>
     <span class='ocr_line' id='line_1_35' title="bbox 152 4109 1353 4193; baseline -0.005 -14"><span class='ocrx_word' id='word_1_262' title='bbox 152 4129 222 4179; x_wconf 85' lang='lat' dir='ltr'>non</span> <span class='ocrx_word' id='word_1_263' title='bbox 240 4114 362 4178; x_wconf 87' lang='lat' dir='ltr'>debeat</span> <span class='ocrx_word' id='word_1_264' title='bbox 377 4114 441 4178; x_wconf 90' lang='lat' dir='ltr'>sibi</span> <span class='ocrx_word' id='word_1_265' title='bbox 457 4115 569 4190; x_wconf 86' lang='lat' dir='ltr'>etiam,</span> <span class='ocrx_word' id='word_1_266' title='bbox 595 4118 695 4179; x_wconf 90' lang='lat' dir='ltr'>verbo</span> <span class='ocrx_word' id='word_1_267' title='bbox 713 4113 817 4193; x_wconf 87' lang='lat' dir='ltr'>ipsius</span> <span class='ocrx_word' id='word_1_268' title='bbox 834 4131 898 4177; x_wconf 94' lang='lat' dir='ltr'>non</span> <span class='ocrx_word' id='word_1_269' title='bbox 914 4110 1037 4185; x_wconf 89' lang='lat' dir='ltr'>audito,</span> <span class='ocrx_word' id='word_1_270' title='bbox 1057 4109 1171 4173; x_wconf 89' lang='lat' dir='ltr'>statim</span> <span class='ocrx_word' id='word_1_271' title='bbox 1188 4116 1353 4188; x_wconf 87' lang='lat' dir='ltr'>tamqnam</span> 
     </span>
     <span class='ocr_line' id='line_1_36' title="bbox 153 4213 1355 4297; baseline -0.006 -14"><span class='ocrx_word' id='word_1_272' title='bbox 153 4218 332 4283; x_wconf 86' lang='lat' dir='ltr'>convictus</span> <span class='ocrx_word' id='word_1_273' title='bbox 350 4217 560 4297; x_wconf 82' lang='lat' dir='ltr'>adjudicari?</span> <span class='ocrx_word' id='word_1_274' title='bbox 584 4220 622 4282; x_wconf 90' lang='lat' dir='ltr'>A.</span> <span class='ocrx_word' id='word_1_275' title='bbox 638 4236 717 4282; x_wconf 87' lang='lat' dir='ltr'>vero</span> <span class='ocrx_word' id='word_1_276' title='bbox 736 4217 826 4297; x_wconf 88' lang='lat' dir='ltr'>dicit,</span> <span class='ocrx_word' id='word_1_277' title='bbox 848 4217 925 4294; x_wconf 88' lang='lat' dir='ltr'>quia</span> <span class='ocrx_word' id='word_1_278' title='bbox 941 4214 1005 4279; x_wconf 88' lang='lat' dir='ltr'>vim</span> <span class='ocrx_word' id='word_1_279' title='bbox 1025 4214 1057 4279; x_wconf 88' lang='lat' dir='ltr'>vi</span> <span class='ocrx_word' id='word_1_280' title='bbox 1075 4213 1264 4293; x_wconf 90' lang='lat' dir='ltr'>repellendo</span> <span class='ocrx_word' id='word_1_281' title='bbox 1282 4235 1301 4276; x_wconf 91' lang='lat' dir='ltr'>a</span> <span class='ocrx_word' id='word_1_282' title='bbox 1321 4214 1355 4277; x_wconf 88' lang='lat' dir='ltr'>B.</span> 
     </span>
     <span class='ocr_line' id='line_1_37' title="bbox 153 4318 1348 4403; baseline -0.003 -17"><span class='ocrx_word' id='word_1_283' title='bbox 153 4321 336 4387; x_wconf 90' lang='lat' dir='ltr'>insultibus</span> <span class='ocrx_word' id='word_1_284' title='bbox 359 4340 395 4386; x_wconf 89' lang='lat' dir='ltr'>se</span> <span class='ocrx_word' id='word_1_285' title='bbox 420 4322 617 4403; x_wconf 83' lang='lat' dir='ltr'>defenderit,</span> <span class='ocrx_word' id='word_1_286' title='bbox 646 4328 680 4385; x_wconf 88' lang='lat' dir='ltr'>et</span> <span class='ocrx_word' id='word_1_287' title='bbox 707 4320 848 4400; x_wconf 83' lang='lat' dir='ltr'>quaerit,</span> <span class='ocrx_word' id='word_1_288' title='bbox 878 4324 987 4384; x_wconf 91' lang='lat' dir='ltr'>utrum</span> <span class='ocrx_word' id='word_1_289' title='bbox 1018 4318 1243 4383; x_wconf 89' lang='lat' dir='ltr'>testimonium</span> <span class='ocrx_word' id='word_1_290' title='bbox 1276 4336 1348 4398; x_wconf 93' lang='lat' dir='ltr'>pro·</span> 
     </span>
    </p>
   </div>
   <div class='ocr_carea' id='block_1_7' title="bbox 0 0 1642 5009">
    <p class='ocr_par' dir='ltr' id='par_1_7' title="bbox 0 0 1642 5009">
     <span class='ocr_line' id='line_1_38' title="bbox 0 0 1642 5009; baseline 0 1"><span class='ocrx_word' id='word_1_291' title='bbox 0 0 1642 5009; x_wconf 95' lang='lat' dir='ltr'> </span> 
     </span>
    </p>
   </div>
  </div>
 </body>
</html>
