3275 5009
291 374 342 426 186
807 371 972 426 Sententiae

291 579 415 645 sarium
437 584 493 645 est
512 581 627 665 jurare
651 580 788 646 debenti
811 578 993 664 diligenter
1014 578 1151 646 formam
1164 578 1346 662 juramenti
1359 581 1480 647 11611616

290 684 325 750 11
348 683 513 763 memoria,
537 700 578 749 ne
602 701 732 750 causam
758 684 902 749 amittat.

394 823 468 891 443.
502 820 665 894 Quomodo
692 821 809 906 formo
836 824 1024 907 juramenti
1050 823 1272 904 corrumpitur
1292 844 1354 906 per
1374 845 1481 886 aoruca

285 929 472 1012 propriam.
487 925 581 1020 Item,
590 926 620 992 61
627 929 746 1012 jurans
758 925 793 993 11
805 925 1099 1010 formajurumenti
1111 926 1260 993 nominat
1272 927 1481 996 Cunculinum

289 1031 324 1098 in
352 1031 553 1108 Kinzlinum,
586 1032 673 1112 quod
707 1036 761 1096 est
794 1049 913 1097 nomen
947 1032 1190 1112 diminutivum,
1224 1051 1297 1098 cum
1332 1033 1397 1116 ille,
1431 1031 1481 1097 cui

285 1135 430 1218 juratur.
454 1135 608 1203 similiter
631 1153 667 1201 se
690 1133 884 1218 nominavit,
908 1138 994 1202 bene
1012 1139 1123 1222 jurat,
1146 1137 1209 1202 imo
1234 1140 1269 1201 et
1292 1137 1324 1202 61
1338 1137 1482 1202 nominat

289 1241 486 1324 conradum,
508 1241 658 1321 quamvis
681 1238 747 1321 ille,
777 1239 832 1304 cui
860 1240 1004 1323 Juratur,
1034 1239 1256 1306 nominaverit
1287 1240 1481 1307 eonomine

289 1343 496 1427 diminutivo,
522 1344 632 1411 adhuc
655 1345 739 1409 bene
758 1343 861 1427 jurat.

393 1449 489 1530 Item,
520 1449 548 1514 si
576 1449 710 1532 juratus
741 1447 882 1513 dixerit:
919 1447 991 1530 „De
1024 1467 1087 1526 quo
1121 1467 1173 1515 me
1205 1448 1271 1515 iste
1305 1450 1482 1532 inculpat“,

290 1554 547 1619 demonstrando
583 1569 682 1632 super
716 1550 834 1632 ipsum,
869 1553 1031 1630 addendo,
1064 1570 1268 1633 quocumque
1303 1554 1482 1620 christiano

290 1657 420 1723 nomine
455 1661 594 1722 vocatus
625 1655 680 1737 611,
711 1654 792 1721 11661
821 1655 945 1722 nullum
972 1674 1091 1722 nomen
1113 1657 1281 1737 proprium
1306 1658 1481 1739 exprimat:

290 1763 374 1827 bene
393 1760 504 1844 jurat,
534 1761 597 1826 imo
626 1759 736 1842 etiam,
768 1761 795 1825 61
827 1761 917 1827 aliud
949 1779 1067 1826 nomen
1100 1762 1266 1842 exprimat
1297 1780 1393 1842 quam
1426 1763 1481 1826 sub

289 1885 360 1946 quo,
384 1866 436 1932 611
456 1866 601 1950 juretur,
631 1883 668 1930 se
691 1864 922 1941 nominaverit,
953 1866 1125 1930 dummodo
1156 1866 1275 1931 addat:
1311 1867 1382 1947 ,vel
1407 1884 1481 1947 quo·

290 1988 429 2051 cumque
467 1970 649 2036 christiano
683 1971 814 2035 nomine
849 1975 1026 2036 vocetnr“:
1060 1970 1169 2036 adbuc
1200 1971 1285 2036 bene
1312 1969 1416 2052 jurat.
1449 1969 1481 2035 Si

288 2081 400 2143 autem
423 2076 576 2141 absolute
595 2077 689 2159 jurat
709 2075 882 2142 nominans
900 2074 1088 2157 „Petrum“,
1104 2092 1177 2139 cum
1192 2075 1259 2157 ille,
1276 2077 1330 2141 cui
1341 2078 1479 2160 juratur,
1582 2144 1583 2147 Ἴ

289 2179 473 2246 nominavit
496 2197 532 2245 se
558 2178 756 2260 „Paulum“:
782 2180 867 2244 1616
892 2179 982 2260 iurat
1005 2182 1039 2244 et
1063 2178 1097 2244 in
1121 2197 1222 2244 causa
1245 2181 1439 2246 succumbit.

392 2319 467 2382 444.
492 2318 540 2378 Dc
557 2321 744 2400 juramento
769 2319 853 2400 quod
868 2315 912 2397 fit
934 2318 969 2378 e‘o
993 2340 1093 2383 cruor.
1116 2318 1153 2384 si
1173 2322 1359 2386 advocatus
1372 2335 1480 2401 jurare

291 2423 465 2488 debentem
501 2420 691 2498 informare,
722 2420 786 2486 sibi
816 2420 986 2501 praedixit
1014 2422 1048 2487 in
1075 2421 1266 2505 juramento
1297 2422 1480 2508 vulgariter

290 2525 428 2592 dicendo
455 2525 549 2606 ,Und
573 2525 635 2592 6116
664 2527 813 2608 creucz“,
843 2545 904 2607 per
934 2529 1112 2594 secundam
1142 2529 1290 2593 vocalem
1314 2547 1344 2613 e,
1371 2526 1479 2594 611116
1581 2556 1582 2571 1

289 2631 397 2712 ipsum
442 2648 584 2710 sequens
630 2630 753 2695 dixerit
801 2631 898 2712 ,Und
943 2631 1008 2697 alle
1045 2633 1196 2712 creucz“,
1241 2649 1302 2712 per
1347 2634 1479 2714 primam

290 2736 437 2801 vocalem
462 2753 494 2815 a,
516 2733 581 2798 nisi
601 2734 705 2817 jurati
728 2733 865 2798 formam
882 2736 1058 2800 audientes
1075 2736 1267 2801 nominatim
1283 2740 1345 2802 sub
1363 2751 1479 2803 661666

181 2851 184 2856 ’
289 2839 477 2920 perditione
502 2839 532 2903 61
556 2839 765 2920 prohibeant,
787 2857 830 2902 16
854 2857 876 2905 6
900 2838 1058 2920 proferet,
1085 2841 1114 2905 61
1139 2858 1199 2921 per
1221 2858 1245 2907 a
1267 2840 1374 2905 dicat:
1402 2837 1478 2920 ,6116

290 2946 449 3010 creucz“:
475 2945 558 3008 bene
588 2942 691 3024 jnrat.
722 2943 820 3009 Licet
850 2944 935 3008 enim
965 2945 1127 3009 usitatum
1158 2944 1203 3009 sit
1234 2944 1364 3012 dicere:
1403 2943 1478 3027 ,elle
1580 2940 1581 2973 ³

291 3050 439 3131 breuem,
463 3054 576 3113 tamen
599 3066 659 3129 per
682 3066 706 3115 a
729 3047 973 3129 pronuntiando
997 3048 1116 3114 melius
1140 3051 1276 3114 videtur
1299 3068 1376 3115 6666
1391 3065 1477 3132 prae·

291 3153 423 3234 dictum,
462 3153 549 3231 quod
588 3161 683 3232 patet
721 3153 755 3216 in
794 3152 870 3217 aliis
910 3153 1122 3233 dictionibuS,
1164 3173 1194 3218 v.
1225 3173 1272 3234 gr.
1315 3155 1383 3220 alle
1417 3160 1477 3234 tog,

290 3255 353 3323 6116
391 3256 501 3336 nocht,
544 3254 589 3320 611
626 3273 710 3337 weg,
748 3256 793 3320 all
832 3262 916 3339 stag,
956 3262 991 3321 61
1025 3256 1057 3320 11
1096 3255 1242 3336 pluribus
1280 3257 1365 3335 61116,
1402 3273 1477 3338 quae

289 3359 395 3441 magis
428 3357 643 3439 proferuntur
673 3377 733 3439 per
756 3378 779 3427 a
802 3378 899 3438 quam
930 3378 989 3440 par
1012 3378 1041 3426 6.
1073 3360 1170 3425 Unde
1201 3359 1300 3425 etiam
1328 3357 1477 3428 advocati

290 3463 443 3529 monendi
459 3468 546 3540 sunt,
566 3465 652 3542 quod
668 3465 710 3529 de
726 3469 839 3529 cetero
856 3465 971 3529 dicant
986 3483 1047 3545 per
1063 3482 1086 3531 6
1102 3473 1137 3529 61
1152 3482 1217 3528 161
1234 3481 1294 3544 per
1309 3483 1338 3532 6.
1360 3468 1477 3532 Tamen

289 3569 319 3634 si
353 3569 535 3632 advocatus
571 3567 655 3631 dixit
685 3586 705 3634 6
740 3574 775 3632 61
804 3567 923 3649 jnrans
957 3568 1121 3649 similiter,
1154 3572 1240 3635 bene
1270 3572 1374 3654 jurat,
1409 3569 1476 3651 quia

289 3675 485 3738 advocatum
525 3680 659 3736 secutus
698 3679 758 3737 661.
796 3674 971 3739 Advocato
1009 3680 1121 3740 autem
1160 3673 1353 3754 proferente
1387 3694 1417 3757 a,
1451 3671 1476 3738 si

286 3778 403 3859 jurans
426 3793 447 3842 6
471 3776 619 3857 protulit,
642 3775 778 3841 videtur
799 3775 937 3842 formam
962 3780 1183 3858 corrumpisse
1206 3779 1399 3860 jnramenti.

393 3913 466 3976 445.
490 3913 539 3974 Do
558 3917 742 3996 juramento
756 3936 822 3997 pro
839 3916 1013 3978 homicidio
1021 3916 1127 4000 facto.
1152 3920 1310 4004 Quamvis
1326 3921 1361 3987 in
1378 3917 1475 4002 queri·

290 4016 399 4083 monia
421 4015 590 4083 homicidii
608 4018 819 4084 nominentur
835 4038 927 4103 uxor,
944 4021 1049 4104 pueri,
1065 4022 1190 4090 fratres
1207 4029 1242 4090 61
1258 4043 1371 4091 omnes
1389 4018 1475 4091 61111
1577 4108 1578 4111 ¹

290 4121 699 4200 6661611161616111611,
730 4126 817 4204 quod
846 4131 953 4191 testes
977 4127 1026 4190 rei
1049 4133 1179 4193 tantum
1203 4127 1319 4192 dicant
1342 4129 1377 4193 in
1396 4131 1474 4212 jura·
1577 4136 1578 4139 ’

289 4233 409 4308 mento,
435 4229 542 4308 „quod
574 4229 614 4292 16
644 4228 828 4304 homicidio,
859 4229 893 4295 in
925 4249 987 4310 quo
1018 4231 1187 4297 Henricus
1217 4238 1398 4298 accusatur
1425 4245 1475 4313 per

291 4330 486 4408 conradum,
508 4331 581 4411 ipse
605 4331 650 4396 sit
672 4331 861 4414 11166616“,
892 4338 926 4397 61
956 4334 1110 4400 similiter
1140 4354 1217 4401 reus
1240 4340 1371 4401 tantum
1394 4336 1473 4404 dieat
