3275 5009
677 336 845 388 Brunenses.
1307 335 1364 387 205

168 545 303 624 puellam
327 544 382 634 vel
405 545 536 610 viduam
562 542 676 609 educit
703 541 756 609 vel
788 541 887 623 rapit,
918 559 984 607 non
1014 546 1127 622 potest
1156 558 1195 607 66
1225 543 1363 608 salvare

167 667 222 730 per
240 649 294 732 jus
317 648 572 730 praescriptum,
596 665 669 712 oum
692 645 809 714 veniat
837 651 954 712 contra
979 645 1103 728 ipsum3
1134 663 1209 710 nam
1232 644 1362 711 frustra

166 751 296 819 invocat
325 753 442 835 legem,
473 751 530 832 qui
561 755 681 833 peccat
710 749 745 815 iu
774 749 892 832 legem.
924 748 991 814 Per
1021 747 1215 816 violentiam
1247 740 1362 816 autem

165 855 323 940 virginem
340 857 395 922 661
418 857 550 923 viduam
575 855 632 935 qui
655 853 768 921 educit
791 854 846 920 vol
869 850 967 936 rapit,
991 854 1090 919 etad
1114 853 1357 921 matrimonium

165 960 280 1026 nititur
313 965 475 1042 coartare,
509 959 660 1041 quamvis
695 958 797 1025 etiam
832 956 942 1038 puella
972 957 1028 1022 vel
1061 955 1163 1023 vidua
1190 957 1363 1041 componit
1442 1002 1444 1005 .
1537 937 1540 940 ⁹
1583 1017 1586 1024 .

165 1065 290 1131 occulte
324 1083 395 1130 cum
427 1067 594 1146 eductoro,
626 1065 680 1130 vel
709 1063 743 1128 in
774 1067 906 1145 raptum
931 1060 1121 1127 consentiat
1150 1060 1355 1130 voluntarie:

165 1174 271 1236 tamen
305 1188 369 1234 non
404 1171 445 1235 16
480 1168 621 1235 seeretis
656 1167 855 1251 hujusmodi,
889 1167 950 1232 sed
984 1164 1090 1248 magis
1122 1167 1163 1230 de
1195 1171 1296 1248 raptu
1323 1173 1362 1233 et

165 1273 335 1340 eductione
356 1272 543 1340 manifestis
565 1273 693 1338 habent
716 1269 865 1336 homines
889 1269 1052 1352 jndicare.

262 1377 326 1444 Illa
349 1379 452 1443 etiam
475 1375 653 1457 sententia,
680 1392 765 1454 quae
788 1373 880 1456 dicit,
913 1375 1021 1456 ,quod
1042 1372 1112 1439 filia
1136 1376 1259 1440 educta
1282 1395 1357 1442 cum

163 1483 315 1549 eductura
338 1481 392 1548 661
414 1488 551 1563 raptore
573 1481 620 1546 sit
635 1481 669 1545 in
686 1478 845 1546 circulum
860 1479 1073 1563 statuenda“‚
1093 1479 1194 1544 dehet
1209 1479 1360 1566 intelligi

42 1590 43 1594 ’
163 1589 200 1652 16
223 1587 295 1654 viro
319 1589 421 1667 probo
445 1592 481 1652 et
504 1587 653 1666 honesto,
683 1584 740 1662 qui
762 1586 848 1650 bene
871 1600 908 1648 66
924 1586 1148 1662 conservavit,
1165 1602 1297 1666 semper
1313 1587 1358 1651 61

163 1691 220 1756 hoc
231 1691 397 1773 laborans,
414 1692 500 1770 quod
517 1687 663 1755 inbonis
681 1686 834 1768 proficiat
851 1687 1036 1769 ethonore,
1052 1691 1088 1753 61
1104 1687 1160 1767 qui
1176 1691 1357 1756 secundum

163 1795 374 1881 parentelam,
405 1795 519 1880 vitam,
554 1797 688 1874 statum,
723 1791 932 1874 dignitatem,
966 1790 1198 1875 conditionem,
1232 1811 1287 1858 res
1322 1798 1362 1860 et

162 1900 301 1966 honores
324 1901 588 1980 correspondens
612 1901 665 1964 est
688 1899 722 1962 et
746 1895 863 1962 similis
890 1895 1022 1962 mulieri
1037 1896 1093 1963 vel
1108 1896 1243 1980 virgini,
1259 1917 1357 1979 qnam

162 2004 283 2098 616611.
318 2003 365 2068 Et
387 2003 467 2070 11661
490 2005 533 2068 61
555 2001 663 2069 virum
694 2001 795 2068 talem
827 2000 926 2084 virgo
954 1999 1011 2067 vel
1033 2000 1151 2091 mulier
1173 2001 1208 2067 in
1231 2002 1358 2069 circulo
1400 2012 1404 2019 ’

163 2107 391 2188 declinaverit,
413 2109 522 2174 adhuc
546 2112 684 2189 propter
706 2104 910 2187 violentiam,
933 2122 1031 2185 quam
1054 2104 1089 2171 in
1108 2106 1285 2173 eductione
1300 2107 1356 2173 vel
1396 2173 1400 2180 ,

42 2215 43 2218 ’
162 2217 259 2294 raptu
292 2210 408 2276 intulit
442 2209 584 2290 civitati,
616 2209 699 2275 nihil
729 2210 770 2274 16
802 2209 953 2291 portione
985 2209 1120 2276 dabitur
1149 2209 1362 2278 hereditaria

164 2316 267 2381 eidem
278 2315 409 2381 mulieri
425 2315 480 2380 vel
496 2312 622 2396 virgini
634 2331 694 2394 per
705 2318 866 2395 parentes
881 2311 936 2381 vel
950 2312 1035 2394 illos,
1055 2331 1192 2393 quorum
1203 2315 1359 2398 interest,

41 2429 42 2434 ’
111 2407 114 2413 ’
161 2420 223 2486 nisi
246 2422 287 2486 de
311 2419 431 2504 gratia,
454 2419 484 2484 61
507 2418 614 2500 ipsam
637 2437 658 2482 a
682 2417 820 2484 consilio
845 2416 1030 2483 optinuerit
1052 2416 1214 2485 civitatis.

335 2609 581 2692 Capitulum
604 2608 714 2676 XLV:
738 2609 798 2674 De
822 2607 1176 2674 mortificatione.
1198 2577 1202 2583 ¹

261 2753 343 2832 522,
352 2751 436 2830 523„
445 2749 530 2826 524,
539 2747 613 2811 526.
628 2746 679 2810 Dc
690 2746 938 2828 mortificatione
951 2757 980 2811 61
994 2750 1062 2831 ey'uo
1074 2747 1358 2826 6666616,661“11661
1371 2742 1375 2756 ²

155 2855 269 2937 poeula
283 2863 284 2868 ’
300 2863 329 2917 et
359 2853 511 2918 emendis.
545 2851 760 2919 Mortificatio
795 2849 831 2916 in
864 2851 926 2917 hoc
957 2850 1138 2933 praecipue
1168 2849 1282 2917 differt
1311 2853 1359 2919 ab

160 2955 344 3040 homicidio,
356 2958 443 3036 quod
467 2973 631 3023 annexum
655 2945 728 3021 sibi
743 2955 847 3022 habet
861 2953 1013 3038 spolium,
1029 2954 1218 3039 vulgariter
1231 2955 1355 3022 dictum

163 3063 332 3144 ,reraup“.
365 3061 463 3128 Unde
497 3058 716 3125 mortificator
749 3057 884 3140 proprie
919 3056 1051 3142 dicitur,
1087 3059 1144 3138 qui
1178 3064 1357 3141 postquam

160 3165 257 3231 alium
280 3164 412 3246 occidit,
435 3182 490 3230 res
513 3164 555 3229 ab
579 3179 617 3228 eo
640 3161 771 3229 auffert.
803 3159 865 3246 Qui
897 3180 977 3230 vero
1008 3161 1082 3229 sine
1110 3163 1276 3231 occisione
1298 3181 1354 3229 res

40 3287 42 3370 }
159 3270 255 3353 tollit,
269 3267 430 3351 spoliator
447 3266 578 3333 dicitur.
603 3265 669 3332 Sed
684 3265 852 3333 homicida
867 3266 1000 3350 dicitur,
1022 3268 1079 3348 qui
1095 3286 1138 3334 66
1152 3267 1205 3335 ira
1221 3267 1359 3335 ratione

159 3373 327 3440 vindictae
358 3373 399 3438 de
430 3370 651 3454 vilipensione
685 3372 867 3437 sumendae
900 3371 955 3438 vel
989 3389 1031 3438 66
1069 3371 1284 3439 contentione
1318 3371 1354 3438 in

40 3555 41 3560 ἵ
161 3479 299 3552 taberna
331 3477 386 3544 vel
419 3474 501 3542 alibi
531 3473 623 3541 iacta
656 3493 729 3541 cum
763 3474 828 3541 alio
860 3493 1013 3558 pugnans
1046 3475 1154 3559 ipsum
1183 3474 1359 3543 interficit.

40 3587 41 3592 ’
161 3580 379 3648 Mortificator
401 3579 502 3646 etiam
526 3597 568 3646 66
590 3578 808 3673 consequenti
831 3579 964 3664 dicitur,
986 3579 1041 3660 qui
1059 3581 1284 3660 dormientem,
1297 3578 1358 3645 vel

40 3713 41 3716 ¹
161 3684 193 3750 in
215 3684 286 3752 loco
307 3684 546 3768 quiescentem,
569 3683 624 3751 vel
646 3682 682 3750 in
704 3679 817 3751 mensa
839 3684 1078 3768 comedentem,
1099 3683 1154 3751 vel
1176 3683 1212 3751 in
1233 3681 1359 3750 balneo

161 3789 358 3856 existentem
381 3786 554 3854 interimit.
584 3785 717 3869 Hospes
749 3787 850 3855 etiam
881 3787 1076 3869 inquilinum
1107 3792 1143 3855 et
1172 3789 1354 3868 advenam

161 3893 214 3960 vel
242 3911 260 3960 6
290 3909 452 3960 converso
488 3890 671 3970 inquilinus
709 3894 744 3957 et
777 3893 910 3959 advena
946 3891 1119 3975 hospitem,
1152 3910 1213 3975 pro
1251 3893 1359 3958 relanor

160 3996 348 4064 auferendis
360 3994 528 4081 jngulans,
544 3994 763 4062 mortificator
778 3994 911 4062 dicitur.
926 3996 1023 4064 Unde
1036 3995 1232 4077 quicumque
1243 3994 1357 4063 animo

161 4101 351 4185 deliberato,
377 4099 496 4184 positis
526 4098 667 4184 insidiis,
698 4098 798 4166 alium
826 4101 1036 4182 expectando
1060 4099 1219 4182 captiose.
1245 4099 1355 4182 ipsum

160 4203 326 4289 interficit,
347 4203 567 4272 mortificator
589 4203 656 4270 dici
679 4207 801 4288 potest.
825 4204 872 4271 Et
894 4204 974 4272 talis
998 4205 1028 4271 61
1050 4204 1215 4290 effugerit,
1238 4201 1354 4270 statim

161 4310 285 4392 sepulto
298 4309 498 4378 mortificato
511 4306 612 4376 semel
625 4307 752 4375 citatur
766 4313 802 4376 61
817 4309 933 4376 statim
949 4308 1170 4391 proscribitur
1184 4307 1360 4392 ipscjure,

1580 1540 1600 1658 v

1596 1744 1601 1829 1

1599 1834 1601 1879 ¹

1599 2286 1600 2293 r

1594 2310 1600 2320 ,1
