3275 5009
278 341 330 393 256
794 341 960 395 Sententiae

279 550 394 618 venire
418 554 641 634 contempnat,
664 549 717 616 vel
741 550 818 632 qnia
841 549 1010 617 maliciose
1034 568 1071 617 se
1094 550 1199 632 ipsum
1232 551 1392 632 occultat,
1423 551 1477 616 vel

279 654 358 735 quia
380 651 528 737 impedit,
551 671 593 720 ne
617 653 723 736 possit
746 656 789 720 ad
813 654 920 737 ipsum
944 653 1061 722 citatio
1088 654 1274 736 peruenire.

382 775 478 858 Item,
515 775 551 841 in
585 791 688 842 causa
724 775 962 859 inquisitionis,
999 793 1097 856 quam
1130 777 1238 859 jurati
1276 777 1480 856 quandoque

277 879 417 957 iaciunt,
449 885 486 946 ut
509 879 689 946 veritatem
720 878 861 964 alicujus
892 879 941 946 rei
970 887 1185 963 cognoscant,
1215 880 1414 960 frequenter
1442 880 1479 946 in

278 983 434 1052 absentia
457 985 508 1050 rei
530 984 565 1050 in
588 1001 700 1050 eorum
724 984 898 1064 colloquiis
922 989 1030 1051 testes
1052 985 1269 1067 recipiuntur.
1296 985 1349 1067 lt,
1372 989 1477 1063 actor,

277 1090 335 1156 ubi
368 1107 435 1155 non
469 1093 594 1171 potest·
615 1106 718 1172 agere
751 1094 890 1170 propter
919 1089 1152 1174 juramentum,
1183 1089 1272 1157 sicut
1302 1109 1332 1157 u.
1366 1109 1417 1172 gr.
1447 1088 1482 1154 si

274 1194 451 1280 juraverit,
475 1211 541 1260 non
563 1200 719 1276 repetere
743 1211 864 1259 usuras
887 1193 1082 1260 christianis
1105 1195 1213 1276 datas,
1227 1198 1309 1261 tnnc
1324 1196 1369 1260 ad
1384 1193 1475 1259 inve·

278 1300 469 1383 stigandum
491 1297 663 1364 usurarios
683 1298 787 1381 iudex
806 1306 846 1363 -et
865 1296 971 1381 jurati
1004 1298 1157 1378 recipere
1187 1301 1328 1380 possunt
1359 1303 1476 1364 testes.

276 1404 328 1484 It,
352 1421 424 1469 cum
448 1401 563 1485 agitur
584 1403 626 1468 de
653 1401 833 1482 iniquitate
861 1402 995 1486 judicis,
1025 1409 1107 1468 tnnc
1133 1401 1238 1484 jurati
1270 1403 1304 1469 in
1337 1401 1476 1470 consilio

278 1513 385 1575 testes
401 1507 552 1589 recipere
569 1512 826 1574 consueverunt.
839 1507 891 1589 It,
907 1506 942 1573 in
958 1525 1061 1573 causa
1076 1506 1226 1574 haere-is
1242 1512 1320 1589 post
1335 1511 1475 1572 mortem

277 1611 443 1679 baeretici
466 1611 567 1677 etiam
591 1609 799 1693 recipiuntur
822 1616 937 1678 testes.
961 1611 1014 1692 It,
1029 1611 1086 1678 ubi
1100 1611 1292 1678 ostenditur
1309 1611 1477 1693 publicum

278 1717 481 1782 commodum
512 1720 546 1780 et
568 1732 738 1782 commune
770 1717 900 1797 bonum,
930 1715 960 1780 si
989 1714 1044 1782 uel
1075 1721 1182 1782 testes
1213 1721 1293 1782 sunt
1319 1733 1422 1781 senes
1445 1720 1478 1779 et
1592 1804 1593 1809 ἵ

278 1820 526 1901 valetudinarii,
549 1821 636 1886 unde
667 1821 887 1886 communiter
918 1824 1036 1901 testes,
1065 1821 1107 1885 66
1137 1819 1257 1900 quibus
1288 1838 1331 1887 ax
1360 1818 1475 1899 aliqua

277 1922 470 1992 rationabili
488 1941 590 1990 causa
606 1924 752 2001 timetur,
768 1929 848 1989 ante
864 1923 934 1989 litis
952 1924 1231 1990 contestationem
1247 1924 1486 2005 recipiuntur,

277 2035 313 2096 et
335 2030 397 2095 boc
421 2045 480 2110 pro
504 2033 610 2111 tanto,
633 2046 674 2094 ne
698 2027 827 2095 veritas
842 2027 1032 2094 occultetur
1048 2036 1083 2094 et
1099 2045 1141 2093 ne
1158 2027 1364 2110 probationis
1382 2027 1477 2108 copia

276 2133 426 2202 fortuitis
450 2132 583 2198 casibus
607 2133 833 2199 subtrahatur.
859 2132 924 2198 Per
939 2132 1062 2199 dictam
1079 2138 1191 2199 tamen
1208 2131 1344 2199 testium
1359 2149 1487 2212 recep·
1593 2190 1594 2197 ,

160 2267 162 2271 ’
278 2239 402 2305 tionem
425 2236 514 2320 parti
539 2241 657 2320 postea
677 2237 879 2318 tempestiue
896 2237 1104 2318 comparenti
1119 2235 1358 2318 praejudicium
1376 2253 1485 2320 gene-
1593 2280 1594 2321 ,

277 2342 346 2408 rari
370 2360 436 2407 non
457 2343 568 2422 debet,
593 2359 666 2406 cum
689 2341 814 2407 babeat
845 2340 960 2408 forsan
990 2341 1206 2421 exceptiones
1235 2340 1410 2424 legitimas
1432 2340 1477 2405 ad
1593 2328 1594 2379 ἶ

278 2446 499 2513 intentionem
523 2443 945 2512 contrariamelidendam.

383 2621 457 2684 666.
484 2617 590 2681 Testae
604 2615 778 2702 jurabunt,
809 2619 841 2678 ei
858 2619 997 2701 potitur,
1026 2617 1111 2692 quod
1131 2637 1195 2680 non
1217 2627 1293 2679 sunt
1316 2619 1487 2683 conducti„

279 2727 400 2792 Testes
423 2723 531 2806 ignoti
553 2723 587 2788 et
609 2722 848 2802 quodammodo
877 2721 1036 2805 suspecti,
1066 2721 1327 2804 adpetitionem
1358 2721 1487 2804 partis,

279 2834 419 2912 excepto
455 2829 653 2914 juramento,
690 2827 779 2906 quod
812 2845 872 2908 pro
906 2826 1115 2907 depositione
1152 2844 1215 2892 sna
1248 2824 1481 2892 confirmanda

278 2934 413 3012 facient,
433 2933 596 3015 ‚iurabunt
619 2930 823 3014 specialiter,
846 2931 933 3010 qnod
955 2948 1019 2996 nec
1042 2948 1151 3013 prece,
1174 2947 1237 2997 nec
1259 2929 1379 3012 pretio,
1415 2948 1481 2997 nec
1594 2966 1595 2989 1

279 3038 410 3122 privato
433 3036 518 3118 odio,
540 3054 603 3103 nec
626 3035 783 3119 amicitia,
807 3051 869 3100 nec
892 3036 1070 3117 commodo,
1096 3037 1185 3115 quod
1206 3034 1399 3100 habuerunt
1425 3034 1478 3103 vel

278 3145 404 3208 habent
426 3141 481 3208 vel
504 3141 653 3207 habituri
676 3144 763 3222 sunt,
785 3137 855 3204 sint
878 3139 1043 3205 conducti.

383 3317 456 3380 667.
486 3314 593 3378 Teates
616 3313 660 3378 od
682 3312 828 3398 judicem
858 3314 965 3376 conire
996 3334 1059 3375 raon
1085 3319 1234 3397 potentes
1255 3313 1372 3398 jurati
1401 3322 1477 3378 tuot

278 3421 439 3486 mittendi.
464 3419 501 3486 Si
523 3421 630 3485 testes
653 3422 732 3483 sunt
754 3416 1001 3495 valetudinarii,
1025 3418 1081 3485 vel
1104 3435 1210 3502 senes,
1226 3418 1282 3486 vol
1297 3417 1485 3486 debilitate·

280 3525 434 3610 confecti,
456 3524 511 3593 vel
532 3523 600 3589 alia
623 3540 726 3588 causa
756 3521 907 3606 legitima
934 3522 1094 3606 impediti,
1123 3525 1211 3604 qnod
1241 3525 1285 3589 ad
1311 3523 1474 3607 jndicium

279 3632 396 3699 venire
433 3649 499 3696 non
536 3635 685 3710 possunt.
730 3627 782 3692 Ad
820 3627 910 3709 ipsos
948 3627 1158 3708 recipiendos
1196 3627 1352 3694 mittendi
1397 3631 1474 3694 sunl

276 3735 382 3822 jurati
403 3735 515 3800 idonei
546 3742 580 3798 et
610 3732 757 3815 discreti,
790 3731 847 3812 qui
877 3749 989 3798 eorum
1023 3731 1214 3798 testimonia
1244 3734 1287 3798 ad
1314 3731 1479 3816 judicium

281 3841 457 3906 deducant.

384 3996 457 4062 668.
480 3993 530 4056 De
554 3989 689 4056 testibus
711 3999 852 4075 propter
874 3992 1015 4055 crimino
1041 3991 1238 4078 reficiendis.
1259 3991 1383 4058 Testes
1396 3999 1475 4060 alltc

277 4097 532 4183 ,productionem
554 4098 597 4164 ds
620 4094 812 4162 criminibus
835 4113 899 4162 nec
921 4094 1078 4178 convicti,
1100 4113 1165 4163 nec
1179 4094 1333 4173 confessi,
1348 4095 1379 4162 si
1394 4102 1473 4167 tem·

282 4224 361 4288 pore
385 4203 612 4287 depositionis,
636 4220 713 4269 ,cum
736 4207 942 4285 statuuntur,
973 4201 1180 4269 sufficienter
1211 4201 1253 4267 de
1283 4199 1481 4268 criminibus-

281 4309 532 4386 convincuntur,
553 4306 663 4374 adhuc
684 4324 705 4372 a
728 4305 920 4374 testimonio
942 4305 1161 4387 repelluntur.
