3275 5009
743 364 914 417 Brunenses.
1394 361 1427 414 55

160 664 165 666 V
224 579 263 638 et
276 572 423 656 gratim,
433 573 523 640 sicut
538 577 590 638 est
602 571 813 638 homicidium
826 571 882 637 vel
892 570 1209 653 consimile,quando
1218 572 1428 652 possetaoci·

228 675 1427 762 dere,respiciendoemeudamvelpoenamaggravantvelaugmentant.

337 817 387 881 84,
404 814 496 902 (Br.)
509 816 559 880 De
570 815 709 881 arbitris
722 825 877 901 quartum
893 816 938 880 cd
948 835 1145 900 processum.
1162 815 1240 882 Cum
1253 815 1428 882 arbitrium

229 940 364 1003 semper
400 922 522 988 debeat
557 923 737 1003 procedere
771 924 806 987 et
839 938 1008 1001 nunquam
1041 922 1273 986 retrocedere:
1303 921 1333 987 si
1355 928 1427 987 tres

229 1026 301 1092 sint
323 1026 424 1092 electi
446 1025 576 1110 arbitri,
609 1028 673 1093 duo
697 1032 856 1108 poterunt
878 1024 913 1091 in
936 1043 1038 1091 causa
1060 1026 1242 1107 procedere
1265 1030 1300 1090 et
1321 1027 1428 1107 ipsam

232 1129 388 1208 diffinire,
413 1130 442 1196 si
457 1130 582 1196 tertius
599 1130 723 1196 citatus
739 1129 905 1196 malitiose
922 1129 976 1195 vel
991 1129 1180 1196 voluntarie
1194 1129 1278 1195 nolit
1294 1132 1428 1211 adesse,

234 1236 313 1300 dum
337 1239 450 1302 tanmn
469 1237 560 1320 justo
584 1233 818 1316 impedimento
843 1252 908 1300 non
937 1233 1147 1317 impediatur,
1178 1252 1218 1299 ac
1248 1234 1278 1300 si
1305 1233 1429 1300 tertius

225 1357 391 1420 praesens
415 1324 514 1406 esset.

333 1479 386 1545 85.
407 1475 496 1564 (Bc.)
517 1477 567 1540 De
584 1476 722 1540 arbitris
739 1485 893 1559 quandum
909 1476 954 1540 od
965 1460 1144 1563 prr'or'leqio
1160 1486 1191 1540 ed
1205 1477 1429 1546 instrumente.

230 1582 483 1649 Sententiatum
508 1588 576 1649 est:
607 1582 705 1649 Licet
727 1586 836 1647 testes
858 1581 1092 1648 instrumentis
1114 1579 1268 1663 inscripti
1290 1583 1332 1648 de
1351 1583 1428 1666 jnre

229 1689 380 1755 debeant
403 1703 478 1777 esse
501 1686 621 1769 rogati,
645 1692 757 1751 tamen
781 1686 900 1751 arbitri
924 1704 1047 1752 causae
1070 1686 1271 1753 decisionem
1294 1689 1335 1752 de
1359 1686 1427 1752 alto

227 1801 266 1859 et
289 1795 387 1858 basso
419 1790 626 1857 inmanibus
657 1790 832 1872 babentes,
862 1790 1022 1870 quidquid
1051 1789 1208 1857 arbitrati
1235 1789 1370 1872 suerint,
1392 1790 1428 1855 in

229 1895 357 1962 litteris
380 1891 520 1977 possunt
543 1894 692 1960 scribere
716 1898 751 1958 et
774 1893 895 1976 sigillis
923 1895 1066 1977 propriis
1096 1900 1132 1961 et
1162 1895 1310 1977 aliorum,
1340 1895 1429 1960 sicut

228 2001 280 2091 eis
293 1999 469 2084 placuerit,
482 1998 640 2083 sigillare.
651 1998 730 2064 Cum
743 1999 830 2064 enim
843 2000 885 2065 ad
897 2000 1128 2066 arbitrandum
1140 2000 1242 2080 primo
1255 2003 1429 2082 rogantur,

228 2122 298 2171 non
322 2106 466 2199 oportet,
490 2103 577 2182 quod
601 2104 645 2168 ad
668 2101 803 2169 litteras
832 2103 1042 2169 scribendum
1066 2107 1101 2169 et
1124 2122 1182 2169 eas
1205 2103 1428 2187 sigillandum,

230 2209 319 2289 quod
344 2213 396 2272 est
418 2213 586 2286 tamquam
611 2207 843 2291 accessorium,
865 2207 1064 2276 secundario
1082 2213 1252 2292 rogentur.

332 2349 383 2410 86.
407 2345 498 2432 (Bc.)
514 2345 579 2408 -De
610 2344 883 2411 arbitrationibua
913 2367 1013 2430 super
1042 2368 1174 2410 excessu
1203 2346 1371 2412 uerborum
1397 2357 1428 2410 et

218 2441 400 2537 factorem.
431 2449 546 2516 Jurati
570 2451 611 2516 de
634 2450 721 2517 Alba
744 2451 901 2518 Ecclesia
923 2451 1132 2533 scripserunt
1155 2451 1219 2518 sic:
1242 2451 1320 2519 Lite
1339 2452 1430 2518 inter

228 2563 345 2640 partes
357 2573 418 2638 per
430 2554 576 2621 arbitros
588 2557 650 2621 sub
662 2555 730 2622 ista
742 2574 849 2637 poena
859 2557 1310 2639 decisa,quicumqueverbis
1321 2557 1429 2638 ipsam

227 2662 412 2740 inchoaret,
440 2658 547 2743 judici
577 2666 612 2724 et
641 2660 763 2741 ,juratis
795 2661 830 2725 in
861 2663 1021 2728 tredecim
1055 2662 1192 2727 talentis
1217 2663 1428 2729 denariorum

228 2771 422 2845 teneretur;
447 2765 643 2845 quicumque
667 2783 747 2831 vero
770 2763 872 2831 factis
893 2765 1001 2847 ipsam
1016 2765 1203 2849 innovaret,
1222 2783 1352 2832 manum
1368 2783 1428 2848 pro

229 2887 339 2950 manu,
361 2871 479 2950 pedem
505 2888 564 2951 pro
588 2871 672 2952 pede
696 2876 731 2935 ct
747 2869 851 2936 vitam
868 2888 928 2951 pro
944 2869 1016 2935 vita
1031 2869 1181 2936 solveret
1196 2889 1256 2952 pro
1272 2872 1428 2936 emenda:

228 2974 355 3040 accidit
385 2975 473 3053 quod
504 2974 538 3038 in
560 2975 704 3040 taberna
735 2990 820 3039 unus
852 2974 893 3039 de
921 2992 1056 3040 numero
1086 2974 1251 3040 dictarum
1283 2973 1427 3056 partium

227 3078 330 3146 alium
361 3077 469 3160 partis
500 3079 664 3152 adversae
699 3077 771 3143 vita
800 3076 958 3159 privavit,
992 3084 1028 3144 et
1056 3083 1231 3160 postquam
1269 3096 1427 3145 excessus

228 3181 420 3266 hujusmodi
441 3183 485 3248 ad
506 3181 650 3266 judicem
675 3188 710 3249 et
730 3185 860 3267 juratos
884 3203 945 3266 per
968 3184 1204 3265 querimoniam
1224 3184 1428 3265 devenisset,

228 3285 473 3368 quaesiverunt
497 3287 702 3370 apartibus,
726 3291 815 3355 unde
838 3290 997 3356 delictum
1020 3290 1088 3354 tale
1111 3287 1224 3355 verbis
1256 3305 1300 3352 an
1325 3287 1427 3353 factis

227 3390 442 3474 originaliter
453 3390 684 3472 processisset.
693 3392 800 3458 Actor
811 3411 901 3476 vero,
911 3399 993 3476 puta
1005 3393 1114 3460 frater
1124 3393 1236 3472 occisi,
1244 3391 1427 3475 respondit,

228 3495 308 3575 quia
338 3499 587 3577 protestaretur
616 3495 652 3560 in
682 3495 847 3578 hospitem
877 3497 1114 3578 tabernarium,
1145 3499 1233 3578 quod
1266 3514 1333 3563 non
1367 3515 1428 3579 per
1516 3505 1521 3515 '

226 3597 369 3666 fratrem
392 3616 486 3664 suum
509 3596 561 3682 lis,
586 3603 726 3681 propter
749 3619 847 3681 quam
870 3601 998 3668 occisus
1022 3609 1122 3679 esset,
1141 3600 1245 3668 fuerit
1260 3602 1426 3667 inchoata.

229 3702 457 3769 Tabernarius
491 3707 603 3769 autem
637 3702 724 3768 idem
755 3722 856 3785 super
894 3706 1036 3772 dicenda
1066 3706 1214 3772 veritate
1244 3705 1426 3786 requisitus

226 3807 324 3888 dixit,
347 3808 435 3886 quod
456 3805 561 3874 nollet
582 3807 705 3872 testari
727 3808 988 3892 perseipsum,
1018 3811 1077 3876 sed
1104 3810 1188 3876 alios
1220 3811 1312 3893 duos,
1343 3828 1426 3889 quos

225 3911 372 3988 vocavit,
396 3910 461 3976 sibi
483 3909 587 3977 vellet
609 3929 779 3979 assumere
809 3932 869 3995 pro
893 3932 954 3980 suo
978 3913 1169 3980 testimonio
1193 3914 1423 3980 confirmando.

226 4014 394 4098 Deposuit
417 4032 498 4098 ergo
521 4016 745 4099 tabernarius,
767 4035 866 4098 quum
888 4019 1031 4101 videret,
1053 4019 1141 4099 quod
1162 4018 1228 4095 ille,
1252 4019 1306 4086 cui
1322 4018 1426 4086 homi·

227 4119 350 4186 cidium
374 4118 615 4201 imponebatur,
637 4118 776 4186 fratrem
804 4122 929 4189 actoris
960 4139 1071 4207 pugno
1095 4129 1130 4189 et
1153 4122 1288 4190 cultello
1312 4127 1425 4205 evagi-

227 4231 309 4291 nato
340 4224 475 4289 laedere
506 4223 623 4306 voluit,
655 4224 721 4290 nisi
754 4223 829 4309 ipse
862 4226 1109 4310 intercepisset.
1144 4226 1213 4293 Alii
1246 4244 1326 4295 vero
1362 4228 1425 4292 duo

227 4318 446 4397 testabantur
468 4327 581 4410 solum,
612 4331 700 4407 quod
730 4330 888 4415 viderint,
919 4334 1006 4412 quod
1036 4315 1250 4398 tabernarius
1281 4329 1425 4396 occisum
