3275 5009
672 358 840 411 Brunenses.
1300 360 1350 411 281

166 581 233 628 cum
256 570 347 631 tutor
369 583 429 647 per
451 566 637 650 fidedignos
654 567 802 632 homines
824 566 956 646 saepius
974 572 1256 649 praemoneretur,
1273 568 1350 647 quia

164 666 203 733 M.
225 686 299 733 cum
322 670 391 735 suis
421 670 634 753 complicibus
663 670 912 737 malumsuum
946 689 1110 751 quaerens
1145 671 1236 736 vitae
1270 690 1349 736 suae

163 772 299 838 insidias
333 775 366 841 iu
399 776 550 842 latibulis
584 783 724 856 poneret
757 782 792 841 et
827 775 978 857 secretis,
1008 777 1116 841 denuo
1144 776 1288 859 judicem
1317 780 1352 842 11

159 880 286 962 juratos
309 882 471 947 accedens
495 882 589 959 quasi
611 880 774 947 flebiliter
795 881 939 962 rogavit,
963 882 1050 959 quod
1072 881 1150 947 aM.
1167 886 1202 945 et
1217 898 1351 945 suorum

162 983 366 1063 complicium
403 992 438 1049 et
476 1003 588 1051 eorum
633 984 764 1050 insidiis
810 984 875 1049 sibi
912 1001 1025 1064 pacem
1064 988 1099 1048 et
1136 985 1351 1050 securitatem

59 1086 63 1088 “
162 1087 362 1153 1111111111.

264 1192 476 1259 Vocaverunt
499 1212 580 1276 crgo
603 1196 645 1259 M.
669 1200 704 1258 et
728 1196 798 1277 ejus
826 1192 976 1258 fautores
1007 1195 1050 1258 ad
1081 1194 1213 1273 plenum
1238 1210 1351 1258 eorum

161 1297 338 1378 consilium,
361 1298 486 1363 iterato
510 1314 624 1378 pacem
647 1298 788 1363 firmiter
812 1300 1011 1363 servandam
1042 1298 1124 1378 ipsis
1156 1296 1352 1377 indicentes

160 1399 245 1465 sicut
269 1420 380 1467 rernm
403 1407 439 1466 et
457 1420 673 1483 personarum
690 1402 871 1483 periculum
889 1402 1014 1467 vellent
1030 1403 1168 1467 evitare.
1194 1402 1246 1466 Ad
1264 1401 1352 1480 quod

159 1511 248 1570 tutor
271 1508 488 1586 respondens,
511 1506 760 1588 quedl-paratus
777 1513 869 1573 esset
884 1525 998 1588 pacem
1016 1524 1162 1587 servare,
1178 1508 1351 1571 dummodo

159 1612 268 1676 cautio
292 1612 500 1694 fidejussoria
526 1630 584 1692 per
606 1614 649 1677 M.
673 1618 707 1677 et
730 1630 807 1677 suos
831 1610 1008 1692 complices
1037 1610 1102 1677 sibi
1125 1612 1231 1685 fieret,
1265 1612 1351 1690 quod

158 1714 190 1779 in
222 1717 344 1780 malum
374 1734 467 1781 suurn
502 1736 567 1783 non
601 1718 831 1782 machinantes
862 1722 982 1781 cautus
1013 1719 1055 1780 ab
1085 1726 1197 1781 eorum
1220 1715 1351 1781 insidiis

159 1836 230 1884 esse
264 1833 385 1900 posset.
417 1819 543 1903 Quibus
576 1821 827 1903 fidejussoribus
860 1838 919 1900 per
952 1821 992 1885 M.
1016 1818 1232 1900 indignanter
1263 1820 1351 1884 datis

157 1930 232 2004 post
270 1929 372 1991 breve
411 1934 549 2006 tempus,
591 1928 644 1991 die
686 1927 826 2005 quodam
863 1925 995 2001 festivo,
1033 1942 1097 2003 quo
1139 1924 1211 2004 plus
1252 1924 1350 1989 solito

156 2027 305 2094 homines
329 2031 492 2096 ecclesiae
514 2030 627 2096 limina
650 2031 864 2111 frequentare
882 2031 1135 2103 consueverunt,
1153 2029 1195 2093 M.
1212 2030 1351 2107 quodam

157 2135 197 2199 dc
231 2136 355 2217 angulo
389 2153 461 2199 cum
496 2153 635 2214 nequam
670 2135 739 2200 suis
774 2134 880 2199 sociis.
917 2134 973 2199 ubi
1008 2134 1163 2209 latuerat,
1202 2131 1351 2213 exiliens,

155 2244 303 2304 tutorem
326 2239 360 2303 in
384 2240 439 2305 via
463 2241 571 2304 eundo
596 2259 668 2305 cum
693 2239 768 2304 aliis
791 2238 944 2304 fidelibus
977 2239 1020 2301 ad
1051 2236 1225 2301 ecclesiam
1257 2238 1351 2315 quasi

156 2343 374 2409 mortificator
395 2344 550 2409 occidens
573 2346 657 2409 abiit
681 2355 715 2408 et
738 2343 894 2409 abcessit.

260 2449 371 2513 Primo
394 2448 508 2527 itaque
528 2449 654 2529 jndicio
678 2468 768 2529 uxor,
791 2447 967 2529 propinqui
991 2451 1025 2511 et
1048 2445 1146 2510 amici
1170 2446 1290 2509 tutoris
1312 2446 1351 2509 de

156 2552 197 2616 M.
235 2553 324 2618 sicut
363 2556 402 2618 de
438 2554 586 2617 occisore
626 2571 685 2618 111
722 2555 959 2619 mortificatore
998 2555 1240 2630 conquerentes
1280 2551 1351 2631 ejus

156 2658 344 2723 absentiam
366 2664 533 2737 tamquam
558 2659 762 2723 contumacis
786 2676 859 2722 cum
881 2657 1047 2722 instanter
1065 2658 1275 2734 accusarent,
1291 2672 1365 2718 nec·

156 2760 277 2841 aliquia
316 2781 374 2842 pro
413 2768 509 2842 parte
548 2763 675 2842 aliquid
712 2762 886 2843 allegaret,
928 2778 1029 2825 causa
1065 2778 1169 2838 usque
1208 2776 1350 2837 sequens

152 2863 314 2947 judicium
347 2867 445 2931 stetit
475 2867 508 2931 in
540 2885 719 2946 snspeuso;
757 2885 820 2945 quo
853 2866 1008 2929 veniente
1041 2862 1230 2944 praehabiti
1261 2880 1352 2942 uxor,

157 2972 261 3052 pueri,
284 2971 462 3051 propinqui
486 2978 521 3036 et
544 2972 641 3035 amici
665 2970 785 3034 tutoris
809 2988 868 3050 pro
893 2969 1067 3049 occisione,
1095 2966 1352 3033 mortificatione

158 3082 191 3139 et
213 3076 309 3155 pacis
333 3076 513 3141 violatione
536 3076 570 3139 in
592 3075 805 3159 fidejussores
830 3074 872 3139 M.
897 3080 1047 3156 egerunt.

262 3179 333 3262 Quo
357 3180 479 3258 audito,
504 3180 548 3244 M.
571 3179 795 3261 personaliter
824 3179 1015 3259 comparuit,
1042 3188 1077 3241 11
1100 3175 1234 3241 eoviso
1259 3194 1352 3255 uror,

157 3287 251 3365 pueri
276 3292 312 3349 11
334 3284 432 3350 amici
455 3284 655 3365 praescripti
680 3282 915 3362 querimoniam
948 3300 1041 3345 suain
1070 3280 1284 3360 replicandae,
1315 3282 1351 3341 11

157 3390 395 3471 praemittitur,
419 3389 611 3468 petiverunt
635 3407 693 3469 pro
718 3406 754 3452 se
778 3385 980 3450 sententiam
999 3385 1086 3467 juris
1103 3383 1183 3449 dari.
1209 3384 1287 3447 Cum
1309 3382 1351 3447 M.

157 3494 332 3560 arbitrium
367 3502 401 3558 11
432 3494 605 3559 111111111
635 3497 819 3572 Ι1111111111
853 3508 918 3553 111
949 3489 1106 3564 tenuerit,
1141 3506 1251 3568 pacem
1288 3485 1350 3549 sibi

157 3598 282 3679 pluries
305 3598 465 3663 indictam
490 3598 676 3677 violaverit,
701 3614 772 3660 1111
797 3593 983 3659 1111111111
1008 3600 1041 3657 11
1058 3595 1247 3656 mandatum
1261 3591 1351 3671 jura-

158 3706 265 3767 torum
289 3710 324 3767 et
342 3703 467 3783 jndicis
490 3700 666 3766 temerarie
699 3700 877 3780 spreverit,
909 3710 943 3763 et
967 3697 1054 3762 sicut
1078 3695 1295 3759 mortificator
1318 3693 1352 3757 in

159 3808 345 3871 tenebrosis
369 3813 404 3870 et
426 3806 566 3870 occultis
590 3805 729 3869 latitans
752 3804 834 3868 locis
860 3808 894 3867 et
917 3802 993 3866 inde
1017 3800 1164 3877 exiliens,
1187 3799 1239 3863 die
1255 3797 1351 3878 festo,

159 3909 192 3974 iu
216 3911 280 3986 uia,
303 3928 369 3990 qua
391 3910 459 3973 itur
483 3911 526 3972 ad
550 3909 732 3988 ecclesiam,
765 3906 999 3987 praesentibus
1030 3903 1143 3967 multis
1173 3901 1351 3984 fidedignis

159 4017 383 4080 communibus
396 4012 581 4077 bominibus
595 4024 736 4077 tutorem
750 4017 822 4076 vita
836 4010 987 4091 privaret
1004 4016 1038 4073 et
1056 4028 1113 4089 pro
1130 4024 1168 4071 eo
1185 4012 1351 4085 tamquam

159 4135 235 4182 reus
246 4117 378 4201 fugiens
390 4116 500 4181 factus
513 4117 624 4197 fuerit,
637 4122 672 4181 et
684 4115 897 4198 fidejussores
911 4114 980 4195 ejus
994 4116 1099 4193 ipsum
1115 4111 1217 4192 primo
1227 4110 1351 4192 J'udicio

159 4240 224 4287 non
247 4221 447 4288 statuerint:
471 4238 579 4286 11111
603 4222 744 4300 aliquam
769 4222 990 4299 praetendere
1007 4217 1113 4297 possit
1130 4215 1351 4297 negationem,

161 4331 406 4393 excusationem
432 4329 483 4392 111
509 4326 721 4392 innocentiae
745 4319 1085 4388 demonstrationem?
