3275 5009
602 339 765 394 Sententiae
784 340 969 408 Iglavicnses.
1334 343 1385 393 329
1471 349 1474 355 ’

186 551 352 632 lauplich;
375 551 484 632 ydocli
508 550 610 615 sehen
634 550 667 614 di
691 549 870 630 scheppeu,
893 551 954 614 das
977 567 1161 619 vervorren
1184 568 1214 614 u.
1230 549 1385 633 krigisch

184 655 280 720 lente
314 657 374 719 der
407 653 637 736 heymelichen
670 654 836 737 gosprech
872 653 918 718 vil
952 655 1100 736 machon,
1133 653 1163 719 si
1199 673 1319 738 mugen
1344 672 1384 736 sy

75 783 77 790 ·
184 759 390 842 betwingen,
407 759 466 823 das
479 758 509 823 si
521 760 551 822 ir
562 760 659 823 recht
675 761 810 824 darumb
828 767 899 840 tun,
915 761 976 824 das
992 758 1022 824 si
1036 778 1079 824 an
1097 761 1161 824 den
1177 758 1385 842 gesprechen

183 866 370 946 nymandes
404 863 551 929 schaden
585 863 718 946 sucheu,
740 881 770 928 u.
794 864 955 945 dennoch,
978 881 1052 928 wen
1074 862 1103 928 si
1128 865 1188 928 das
1211 872 1324 947 getan,
1347 881 1383 928 so

184 968 296 1033 sullen
318 986 364 1050 yn
387 967 423 1033 di
444 969 614 1048 scheppen
640 967 790 1047 vorpiten
815 966 965 1034 diselben
990 968 1162 1050 gospreclr,
1195 970 1254 1033 das
1290 968 1318 1033 si
1354 970 1385 1035 ir

166 1075 324 1156 ,abgeen
348 1073 494 1138 Werden
519 1072 547 1136 si
569 1073 655 1137 noch
679 1074 751 1138 dem
785 1073 938 1151 vorpiten
974 1075 1077 1138 doran
1113 1091 1179 1138 von
1213 1074 1383 1152 scheppon

181 1165 358 1259 regumn,
393 1177 422 1241 si
456 1177 562 1242 sulleu
594 1194 630 1241 es
653 1193 839 1256 vorpusseu
863 1175 934 1240 also
957 1177 1008 1240 als
1031 1178 1075 1258 hy
1098 1195 1160 1245 vor
1182 1175 1384 1260 geschriben

184 1285 265 1345 stet.
291 1278 395 1364 (189.)

291 1422 366 1488 149.
390 1418 571 1485 Scabini
604 1424 752 1484 terrae
788 1419 1054 1484 senteutiam
1087 1420 1383 1503 protulerunt.

183 1524 324 1590 Scabini
360 1529 474 1589 terrae
509 1541 567 1604 pro
599 1525 673 1604 juro
708 1522 930 1604 protulerunt,
954 1526 1040 1602 quod
1064 1542 1304 1604 quumcumque
1327 1526 1384 1589 uni

185 1629 331 1694 licentia
349 1619 519 1708 recipitur,
536 1627 650 1692 statim
665 1636 699 1692 61
715 1627 750 1691 in
765 1627 907 1691 instanti
920 1645 1042 1694 causae
1058 1627 1120 1694 sihi
1138 1629 1386 1695 contrariantes

181 1734 313 1799 debent
341 1732 427 1798 obici
451 1739 485 1796 61
509 1731 656 1812 proponi.
681 1728 783 1816 (128.)
843 1745 847 1748 ’

291 1874 367 1940 1511.
379 1871 625 1937 Sententiatum
639 1875 692 1934 est
704 1870 1133 1953 inWesuncz,quodjuder
1145 1871 1384 1950 inpraesentia

183 1977 508 2062 scabinorumfilium
519 1973 682 2059 (servum)
693 1992 787 2039 suum
799 1993 857 2055 pro
870 1975 1008 2039 vulnere
1019 1975 1119 2040 duelli
1128 1976 1242 2058 jussus
1251 1974 1316 2039 fuit
1327 1994 1385 2056 per

183 2081 350 2147 domiuum
374 2100 469 2146 suum
494 2087 527 2145 et
549 2088 770 2160 paratiorem
787 2081 848 2144 suo
864 2077 1074 2160 fidejussoria
1091 2079 1247 2146 cautione
1262 2079 1385 2144 astrin-

182 2204 274 2269 gere,
309 2187 394 2265 quod
431 2185 560 2250 minime
583 2182 684 2263 fecit;
719 2181 851 2248 domino
886 2193 955 2246 tres
990 2201 1120 2247 marcas
1152 2183 1186 2247 iu
1212 2202 1317 2263 poena
1347 2189 1383 2249 et

184 2295 294 2357 actori
318 2291 351 2355 iu
375 2301 501 2371 septem
525 2288 632 2369 ipsum
650 2287 795 2368 judicem
820 2287 990 2352 incidisse.
1014 2285 1117 2373 (129.)

291 2433 365 2497 151.
392 2429 566 2513 Quando
590 2445 693 2491 unus
713 2425 894 2507 juratus
919 2426 1297 2506 percussitalium.
1316 2427 1386 2491 Das

186 2536 234 2600 ist
257 2537 366 2618 kegan
402 2534 488 2598 Koln
520 2551 564 2597 au
599 2534 658 2596 der
691 2532 777 2596 Elbe
812 2531 948 2614 getailt:
982 2531 1047 2596 Ein
1071 2532 1199 2596 richter
1221 2533 1255 2596 in
1278 2532 1401 2607 einem,

186 2638 277 2705 dorff
292 2640 370 2722 slug
394 2639 491 2703 einen
515 2638 692 2717 scheppeu,
717 2637 776 2700 das
801 2655 837 2700 es
860 2638 967 2702 ander
989 2637 1158 2718 soheppeu
1182 2637 1297 2718 saheu,
1327 2635 1388 2700 mit

188 2743 298 2809 einem
333 2743 447 2823 plosan
480 2747 583 2806 swert
618 2740 734 2805 seinen
768 2741 829 2804 hut
864 2758 929 2805 von
952 2741 1076 2805 soinem
1101 2741 1215 2822 haupt,
1239 2760 1269 2808 u.
1295 2745 1388 2805 wunt

188 2846 261 2912 sein
286 2847 369 2911 doch
392 2846 493 2911 nicht.
526 2845 624 2909 Dent
648 2851 755 2908 wart
778 2844 951 2925 geteilt,
984 2846 1043 2908 das
1068 2861 1107 2908 er
1130 2845 1189 2909 das
1213 2843 1289 2909 suld
1313 2862 1386 2908 vor·

188 2969 313 3032 pussen
337 2951 398 3014 mit
421 2949 546 3014 czeheu
568 2948 716 3012 markeu.
741 2946 846 3032 (136.)

293 3091 369 3156 152.
401 3088 458 3154 De
490 3088 698 3165 loquente
733 3090 837 3150 ante
874 3087 1204 3165 prolocutorem.
1227 3085 1310 3150 Wer
1333 3086 1387 3148 fur

189 3195 306 3260 seineu
329 3192 549 3272 furspreclreu
573 3190 670 3256 redet
692 3188 745 3253 fur
778 3189 841 3252 den
873 3189 925 3252 vir
960 3189 1101 3270 peuken,
1136 3191 1195 3255 des
1230 3190 1279 3255 sol
1314 3192 1387 3254 dem

189 3299 317 3363 richter
341 3313 526 3378 vorpussen
548 3294 608 3359 mit
631 3293 701 3358 XII
726 3292 864 3356 hallero.
890 3290 995 3377 (137.)

293 3429 368 3495 153.
394 3427 453 3492 De
483 3423 743 3490 insolentiis
771 3423 920 3506 jurati.
951 3423 1000 3488 De
1023 3423 1176 3488 Patlawn
1200 3423 1386 3502 quaesitum

189 3531 263 3613 fuit,
299 3531 443 3610 qualiter
478 3527 684 3609 querimonia
708 3530 747 3593 de
773 3527 962 3592 insolentiis
986 3535 1075 3592 mota
1099 3545 1199 3607 super
1223 3546 1323 3592 uuum
1347 3528 1388 3592 de

185 3637 309 3721 juratis
332 3634 405 3716 luit,
430 3642 465 3699 61
488 3652 561 3698 cum
580 3633 683 3715 judex
707 3637 741 3696 et
764 3633 892 3697 caeteri
903 3632 1010 3713 jurati
1029 3638 1185 3713 peterent
1201 3631 1387 3696 cautionem

190 3738 432 3823 fidejussoriam
455 3738 496 3802 ab
520 3737 576 3801 illo
596 3738 720 3819 jurato,
744 3735 797 3800 cui
814 3735 1014 3801 insolentiae
1032 3737 1296 3818 imponebantur,
1314 3735 1387 3817 ipse

189 3844 431 3910 contumaciter
454 3846 495 3908 ab
513 3841 562 3906 eis
578 3841 739 3905 recedens
755 3857 816 3918 per
831 3838 1044 3922 fidejussores
1062 3838 1242 3904 certificari
1257 3851 1388 3904 coutra-

191 3946 286 4024 dixit‚
310 3964 374 4025 qua
391 3949 530 4011 emenda
547 3943 659 4025 puniri
682 3943 808 4008 debet?-
831 3943 946 4009 Sept.
969 3942 987 4007 f
991 3945 1062 4026 uit,
1086 3945 1174 4021 quod
1185 3943 1291 4027 judici
1308 3943 1388 4007 obli-

190 4059 329 4135 garetur
351 4052 386 4116 in
409 4050 472 4114 LX
499 4049 613 4113 solidis
648 4055 683 4112 et
719 4047 856 4112 cullibet
886 4049 998 4131 jurato
1033 4048 1068 4111 in
1101 4046 1250 4128 triginta.
1287 4046 1389 4131 (156.)

294 4209 369 4274 154.
409 4206 488 4271 Ein
526 4205 659 4270 urteil
699 4223 779 4268 von
818 4205 1038 4284 seheppen
1080 4205 1389 4269 bekentnusse.

191 4313 402 4378 Ohutnenses
425 4311 632 4390 scripserunt
656 4310 720 4372 sic:
746 4307 984 4373 Testimonium
1007 4326 1066 4388 pro
1091 4307 1213 4373 debitis
1230 4310 1272 4372 ad
1291 4327 1389 4373 uuum
