3275 5009
696 369 864 422 Brunenses.
1343 372 1376 425 31

284 572 337 640 16.
360 574 411 638 De
434 585 540 664 actore
563 586 593 641 ol
615 597 667 640 rao
689 597 751 661 pro
775 579 1047 661 commensalibus,
1073 580 1185 645 liberis
1216 593 1245 646 et
1267 603 1377 648 ancre.

168 675 220 742 In
239 676 318 759 J'ure
341 678 433 745 civili
456 683 699 748 observandum
723 687 784 766 est,
808 686 895 764 quod
915 686 1172 767 paterfamilias
1188 706 1246 770 pro
1264 705 1376 771 uxore,

176 781 305 864 paene,
329 784 436 850 servis
461 789 496 851 et
520 787 661 871 ancillis,
678 787 746 853 suis
764 790 1048 872 commensalibus,
1064 790 1098 855 in
1116 790 1226 857 causis
1242 791 1375 871 quibus-

167 885 273 970 libet,
296 887 326 952 si
349 888 429 972 vult,
448 889 656 974 judicialiter
679 896 792 974 potest
815 910 916 974 agere
940 899 975 960 et
998 897 1210 977 respondere.

284 1045 336 1108 17.
362 1044 413 1108 Da
436 1055 544 1108 actore
567 1058 598 1110 et
619 1068 672 1110 roo
690 1069 756 1131 pro
780 1048 990 1130 animalibus,
1013 1071 1092 1134 qtcae
1123 1052 1209 1114 ialcr
1233 1051 1376 1114 borsines

178 1159 412 1212 consueverant
428 1151 563 1215 domari.
579 1151 763 1233 Antiquam
776 1152 833 1236 jus
849 1152 948 1220 civile
964 1154 1081 1223 habet:
1108 1155 1161 1238 „Si
1179 1173 1292 1236 equus,
1308 1156 1378 1237 bos,

166 1273 294 1337 uacca,
318 1256 419 1338 canis
443 1274 525 1340 aper
548 1257 603 1323 vel
627 1275 746 1339 porcus
771 1259 982 1341 domesticam,
1007 1260 1121 1326 hircus
1139 1260 1192 1328 uel
1209 1261 1307 1342 aries,
1323 1259 1377 1325 vel

164 1359 270 1426 aliud
294 1360 424 1443 animal,
448 1363 535 1441 quod
558 1362 593 1428 in
615 1362 721 1428 medio
744 1363 965 1430 habitationis
981 1365 1146 1432 hominurn
1162 1365 1285 1430 nutriri
1300 1382 1376 1430 con·

168 1465 288 1531 suevit
311 1469 346 1530 et
368 1464 487 1548 teneri,
511 1465 655 1546 aliquem
678 1466 825 1549 laeserit,
855 1470 1005 1535 dominus
1036 1470 1184 1553 ejusdem
1214 1468 1376 1549 animalis,

166 1573 209 1635 si
232 1568 385 1652 voluerit,
408 1589 467 1651 pro
492 1569 564 1652 ipso
581 1569 774 1638 affirmando
791 1574 848 1640 uel
863 1576 1016 1656 negando
1029 1572 1237 1655 judicialiter
1252 1571 1376 1654 poterit

174 1676 399 1754 respondere,
430 1675 458 1740 si
489 1679 601 1740 autem
631 1676 784 1758 noluerit,
814 1677 883 1743 tale
914 1678 1036 1743 animal
1067 1677 1157 1742 laeso
1191 1695 1248 1758 pro
1277 1677 1375 1742 satis·

173 1777 326 1844 factione
348 1779 578 1862 assignabitur
603 1787 637 1846 et
660 1784 809 1847 emenda.
833 1782 937 1848 Secus
960 1788 1072 1847 autem
1097 1787 1149 1847 est
1173 1782 1213 1847 de
1237 1781 1318 1847 laris
1342 1786 1377 1847 et

174 1882 288 1948 brutis
304 1883 501 1950 animalibus
517 1885 741 1969 silvestribus
757 1885 941 1971 cujusmodi
957 1890 1035 1952 sunt
1053 1888 1115 1968 leo,
1128 1904 1256 1967 cervus
1268 1887 1375 1967 lupus,

175 2005 278 2052 ursus
302 1991 337 2052 et
360 1987 552 2071 consimilia,
576 2007 660 2068 quae
685 1991 841 2055 dicuntur
862 1990 1085 2072 indomabilia,
1108 1996 1143 2055 et
1167 1990 1267 2054 etiam
1291 2008 1375 2069 quae

167 2091 307 2156 domari
329 2097 584 2178 consueverunt,
608 2094 637 2158 si
660 2100 738 2161 sunt
753 2094 949 2178 mordentia,
966 2093 1218 2162 recalcitrantia
1234 2093 1288 2160 uel
1305 2111 1375 2159 cor-

174 2202 311 2277 nupeta,
336 2215 395 2278 per
417 2216 502 2278 quae
527 2197 555 2263 si
580 2200 756 2279 dampnum
779 2201 892 2265 datum
915 2198 1025 2281 fuerit,
1049 2200 1229 2264 secundum
1250 2198 1375 2263 actoris

166 2304 214 2366 et
247 2301 295 2366 rei
327 2303 544 2384 allegationes
584 2303 763 2370 diffinitiva
794 2303 1066 2384 pronuntiabitur
1097 2300 1266 2369 sententia
1299 2321 1375 2367 con·

165 2421 301 2470 sonans
326 2405 518 2486 aequitati.“

283 2565 335 2628 18.
363 2561 444 2635 Quis
467 2574 557 2628 actor
584 2567 629 2628 sit
657 2566 771 2650 hospes
802 2568 837 2627 in
860 2566 991 2651 judicio
1021 2575 1051 2629 et
1081 2566 1207 2647 curando
1237 2563 1305 2626 sibi
1333 2563 1377 2624 sit

154 2667 309 2752 justitia
329 2666 499 2752 facienda.
536 2666 724 2738 Seciindum
754 2674 874 2738 bonam
905 2670 1177 2737 consuetudinem
1204 2668 1378 2750 diffinitur,

176 2770 269 2838 sicut
292 2771 393 2838 etiam
416 2778 484 2840 tam
513 2774 546 2842 in
570 2777 655 2842 Jure
686 2775 785 2858 civili,
816 2794 914 2855 quam
943 2774 977 2840 in
1008 2773 1156 2856 pluribus
1188 2772 1262 2839 aliis
1294 2770 1376 2835 loeis

169 2879 398 2943 observatur:
423 2878 610 2960 Unicuique
633 2879 759 2961 hospiti
782 2881 882 2945 dehet
904 2878 1000 2945 iuxta
1023 2897 1117 2945 suam
1140 2874 1375 2958 querimoniam

166 2979 268 3046 inira
291 2981 438 3048 triduum
461 2985 617 3050 continue
641 2984 706 3050 sibi
729 2986 914 3050 succedens
938 2984 1046 3050 finalis
1063 2981 1198 3064 justitia
1215 2977 1377 3046 exhiberi.
1441 3033 1444 3036 .

176 3086 418 3152 Verumtamen
453 3086 537 3153 civis
573 3086 681 3173 (talis)
717 3090 758 3154 de
789 3088 992 3170 Jegasdorf
1022 3087 1077 3154 vel
1109 3085 1205 3169 alter,
1234 3085 1290 3165 qai
1321 3088 1374 3150 est

176 3191 275 3256 homo
299 3190 393 3255 ducis
416 3189 647 3274 Oppaviensis‚
668 3193 702 3258 in
715 3191 840 3275 jndicio
857 3191 1105 3258 marchionatus
1122 3190 1293 3255 Moraviae
1310 3208 1376 3254 non

169 3301 232 3361 est
255 3294 388 3376 hospes
418 3293 479 3361 Ille
511 3313 651 3376 namque
686 3301 844 3362 censetur
873 3297 1003 3377 hospes
1035 3297 1091 3376 qui
1122 3300 1175 3360 est
1207 3295 1302 3358 homo
1335 3294 1376 3358 de

168 3397 323 3464 dominio
347 3397 488 3482 alicujus
512 3399 682 3483 principis,
700 3401 756 3479 qui
772 3418 839 3465 non
855 3402 972 3466 subest
987 3399 1170 3465 marchioni
1186 3397 1377 3478 Moraviae3

168 3504 247 3568 dux
261 3506 373 3567 antem
390 3501 622 3585 Oppaviensis,
638 3507 753 3585 utpote
771 3503 919 3569 vasallus
937 3507 972 3568 et
988 3504 1082 3569 homo
1100 3501 1204 3584 ipsius
1218 3502 1375 3583 existens,

176 3606 244 3672 sibi
268 3609 395 3672 subest.
417 3607 554 3690 Iterum,
578 3608 718 3689 exempli
743 3607 872 3690 gratia:
895 3607 1047 3673 Ducatus
1071 3606 1293 3688 Oppaviensis
1309 3625 1375 3671 non

168 3714 231 3776 -est
240 3710 503 3776 terradistincta
512 3729 532 3775 a
542 3710 781 3793 marchionatu,
791 3713 850 3776 sed
864 3717 917 3776 est
930 3713 1091 3790 quaedam
1104 3729 1181 3791 pars
1195 3716 1230 3775 et
1244 3709 1378 3790 quidam

173 3813 358 3881 districtus
381 3815 495 3896 ipsius.
528 3816 644 3883 Unde
676 3818 910 3881 notandum
938 3821 1020 3881 est:
1054 3815 1189 3881 Omnem
1212 3814 1376 3880 hominem

174 3918 211 3986 in
230 3917 358 4002 jndicio
381 3918 532 3986 civitatis
555 3920 738 3986 Brunensis
763 3937 837 3986 esse
860 3919 1035 4001 hospitem,
1066 3919 1122 3998 qui
1145 3922 1243 3984 extra
1265 3921 1374 3984 Mora-

176 4023 268 4092 viam
290 4023 507 4089 residentiam
530 4024 584 4089 vel
606 4023 809 4091 mansionem
833 4024 945 4106 hahet,
968 4022 1120 4107 quamvis
1136 4023 1238 4089 etiam
1254 4021 1300 4088 sit
1316 4027 1377 4090 sub

169 4125 323 4192 dominio
347 4125 438 4210 regis
461 4127 624 4194 Boemiae.
655 4129 753 4194 Unde
785 4129 880 4193 homo
913 4129 954 4194 de
984 4127 1130 4208 Boemia,
1159 4130 1199 4192 de
1229 4128 1378 4210 Palania,

177 4229 234 4295 uel
259 4231 301 4295 de
323 4229 555 4316 Luczelpnrga
579 4231 699 4314 hospes
724 4238 776 4297 est
800 4233 986 4298 censendus
1004 4231 1175 4315 injudicio
1201 4232 1375 4298 Brunensi.

172 4333 356 4415 Hospitem
380 4334 466 4400 enim
489 4353 553 4402 non
576 4335 659 4401 facit
681 4334 827 4418 dominii,
851 4337 910 4400 sed
933 4334 1044 4416 potius
1068 4339 1180 4400 terrae
1205 4333 1377 4400 distinctio
