3275 5009
623 332 788 385 Sententiae
806 330 992 400 Iglavienses.
1348 337 1399 388 356

308 540 384 606 259.
409 540 467 604 De
490 539 677 605 11666116
701 541 878 607 subditi.
904 544 980 610 Und
1003 544 1162 629 welchem
1186 563 1304 610 manue
1323 564 1398 611 man

206 660 267 707 666
290 643 364 707 dem
393 643 478 708 beru
512 643 674 708 urlaubeu
708 646 766 721 sol,
802 646 863 710 der
897 646 946 711 sol
980 665 1046 711 von
1079 647 1163 713 aller
1196 655 1268 713 erst
1301 650 1398 715 einen

205 748 370 830 vicrdung
392 750 518 831 gebeu3
548 748 616 812 und
639 755 716 813 vert
744 768 782 815 er
815 751 921 817 wider
949 769 1010 816 aus
1044 752 1210 817 dorstat
1242 752 1277 818 in
1309 754 1399 819 iares

204 848 291 931 frist,
314 869 350 915 so
374 852 423 916 sol
448 870 486 917 er
507 855 589 917 aber
612 852 710 919 616611
734 855 900 937 vierdung
922 854 983 920 auf
1002 853 1055 920 dic
1079 862 1148 922 stat
1173 859 1280 938 geben

309 991 385 1058 266.
410 991 467 1057 De
491 992 886 1073 proficiscentibus
910 997 960 1060 ad
979 995 1400 1063 liminasanctorum.

205 1092 242 1158 Si
279 1095 354 1173 6616
391 1096 557 1162 homiuum
595 1097 741 1164 voluerit
780 1099 945 1179 proficisci
979 1102 1022 1165 ad
1053 1100 1167 1165 limina
1201 1106 1401 1182 sauctorum,

206 1199 270 1263 vid.
295 1198 341 1264 sti
364 1200 459 1267 Petri
483 1206 518 1267 et
542 1202 647 1283 Pauli,
664 1202 793 1285 Jacobi,
818 1202 871 1269 vel
896 1202 994 1268 alias:
1017 1222 1100 1269 uxor
1116 1222 1185 1286 sua,
1201 1204 1230 1269 si
1247 1204 1402 1287 voluerit,

205 1302 272 1369 iter
309 1320 403 1369 66616
440 1305 600 1386 impedire
639 1306 774 1387 poterit,
808 1313 886 1372 voto
925 1306 1213 1373 iherosolimitano
1252 1315 1401 1390 excepto.

206 1405 278 1490 (11-
302 1407 321 1491 b
344 1407 388 1492 4-1

310 1549 386 1615 261.
409 1549 468 1615 De
491 1548 620 1616 falsis
638 1551 846 1616 donariis
862 1550 1081 1618 Decrevimus
1099 1554 1209 1632 etiam,
1225 1570 1265 1617 66
1281 1552 1402 1632 6116616

206 1650 441 1732 magistrorum
453 1661 607 1719 monetae
620 1655 984 1735 66161166161166116661
1000 1655 1034 1719 16
1051 1658 1145 1720 domo
1161 1656 1301 1740 alicujus
1319 1657 1402 1722 civis

206 1754 331 1834 aliquid
355 1750 497 1835 quaerat
520 1756 573 1824 661
595 1761 711 1838 666611
733 1760 837 1826 166161
860 1778 921 1826 666
945 1760 1045 1824 ctiam
1061 1758 1215 1824 falsarios
1232 1761 1285 1825 661
1300 1759 1403 1826 falsos

206 1859 371 1941 denarios
387 1880 449 1926 uec
469 1861 570 1926 etiam
587 1881 645 1944 pro
661 1864 846 1945 hujusmodi
864 1864 974 1928 causis
991 1865 1119 1928 domum
1135 1863 1275 1945 alicujus
1291 1864 1403 1946 intret,

206 1964 272 2029 uisi
295 1966 461 2030 mediante
489 1967 602 2049 judice
635 1974 670 2034 61
703 1968 813 2047 611666
844 1970 1047 2052 juratorum,
1081 1975 1194 2048 potest
1225 1975 1345 2049 166166,
1374 1968 1404 2033 61

206 2068 331 2150 aliquid
355 2070 469 2135 talium
498 2070 609 2153 fuerit,
634 2072 794 2138 adbibere
819 2073 1013 2153 custodiam,
1036 2072 1141 2137 donec
1160 2073 1265 2153 jndex
1287 2071 1404 2137 veniat

207 2179 242 2240 et
260 2174 375 2256 jurati.
400 2174 471 2258 (VI.
496 2174 515 2259 ยง
541 2182 567 2257 1,
591 2174 635 2257 2.)

310 2315 384 2380 262.
409 2315 513 2379 item
539 2316 587 2379 de
610 2316 761 2380 eodem.
793 2314 827 2380 Si
851 2319 963 2380 autem
987 2315 1149 2398 magister
1172 2322 1324 2381 monetae
1348 2318 1403 2381 vel

207 2416 328 2496 aliquis
361 2436 493 2483 snorum
521 2422 636 2483 contra
668 2418 805 2483 formam
838 2418 1079 2499 praescriptam
1102 2419 1229 2497 aliquid
1251 2420 1286 2484 in
1310 2420 1403 2485 domo

206 2520 524 2605 alicujusinvcnerit
535 2522 650 2587 talium
663 2517 714 2589 661
726 2524 817 2589 servi
828 2524 889 2605 661,
900 2542 961 2588 666
974 2524 1060 2588 filius
1073 2541 1136 2589 666
1146 2524 1267 2605 hospes
1279 2541 1358 2587 suus
1369 2523 1404 2587 iu

208 2625 318 2705 aliquo
342 2627 565 2706 respondebit.
582 2626 624 2691 61
640 2630 751 2705 autern
769 2626 803 2693 in
826 2627 899 2694 foro
924 2645 1119 2707 quemquam
1144 2627 1406 2708 deprehenderit

209 2737 243 2794 61
260 2732 391 2814 juratos
415 2731 538 2796 babere
562 2750 627 2796 uon
651 2732 785 2811 poterit,
802 2751 901 2797 unum
920 2735 1056 2811 probum
1072 2732 1236 2797 hominem
1253 2737 1404 2797 assumat

207 2834 260 2899 661
285 2835 378 2917 droa,
393 2852 454 2915 per
477 2852 532 2900 666
557 2834 741 2900 custodiam
757 2835 955 2917 adhibendo,
971 2854 1013 2900 nc
1029 2836 1108 2915 quid
1123 2836 1164 2899 de
1187 2854 1224 2900 se
1249 2835 1404 2917 projiciat

207 2943 384 3020 suspectus
408 2938 462 3005 661
485 2938 610 3018 aliquid
634 2938 698 3003 sibi
722 2937 902 3020 adjiciatur
924 2957 984 3019 per
1007 2938 1099 3020 61166,
1120 2939 1225 3003 donec
1244 2939 1348 3021 judex
1370 2944 1405 3003 61

203 3043 310 3126 jurati
332 3045 547 3109 advocentur.
581 3042 616 3109 Si
640 3050 752 3108 autem
775 3042 809 3108 in
833 3044 958 3122 campis
982 3042 1093 3107 66116
1117 3041 1213 3107 611616
1243 3043 1406 3125 magister

208 3152 360 3227 monetae
398 3166 593 3227 quemquam
639 3147 908 3228 deprehenderit,
952 3147 993 3210 de
1036 3162 1100 3223 666
1137 3145 1296 3210 1161166111
1328 3147 1406 3210 mali

208 3251 439 3335 suspicionem,
456 3259 490 3316 et
509 3253 642 3335 juratos
664 3252 790 3317 habere
813 3270 879 3318 uon
902 3249 1038 3333 poterit,
1062 3250 1121 3314 sed
1144 3250 1287 3328 aliquem
1304 3250 1404 3315 aiium

207 3359 346 3437 probum
363 3356 479 3437 virum,
494 3374 593 3421 unum
610 3357 664 3421 vel
681 3358 859 3437 (16666661
877 3353 942 3419 biis
959 3354 1024 3419 sibi
1039 3354 1222 3418 custodiam
1237 3353 1404 3430 adhibeat,

209 3459 296 3526 siout
320 3460 442 3525 dictum
467 3464 631 3527 estante.
656 3457 692 3525 Si
716 3477 795 3526 vero
818 3464 949 3523 tantum
966 3456 1123 3523 familiam
1141 3475 1233 3523 suam
1257 3458 1346 3523 circa
1369 3476 1405 3523 66

209 3564 373 3646 habuerit,
396 3564 487 3629 illum
512 3582 608 3642 quem
631 3564 793 3643 impetere
816 3564 946 3644 nititur,
962 3564 1006 3626 ad
1021 3562 1195 3627 civitatem
1210 3561 1287 3626 duci
1302 3560 1408 3626 faciat

210 3672 245 3733 et
267 3686 286 3732 6
307 3668 420 3751 judice
444 3666 508 3731 sibi
533 3666 681 3747 postulet
704 3668 787 3732 duos
811 3667 951 3732 concedi
961 3665 1104 3747 juratos,
1124 3664 1181 3743 qui
1197 3667 1301 3729 verba
1317 3663 1407 3730 illius

210 3775 330 3855 argute
353 3772 544 3837 examinent
567 3774 601 3835 61
624 3768 785 3850 quidquid
809 3789 919 3836 coram
942 3769 1010 3833 illis
1030 3768 1153 3852 juratis
1179 3769 1265 3833 idem
1289 3770 1406 3848 depre-

210 3876 334 3941 bensus
356 3874 528 3957 professus
550 3873 663 3957 fuerit,
686 3873 719 3938 in
741 3872 871 3939 irritum
889 3892 954 3939 non
971 3873 1095 3953 poteru
1111 3872 1273 3937 revocari.
1297 3872 1344 3937 Et
1359 3873 1408 3937 sic

209 3980 269 4045 1161
284 3981 326 4045 do
338 3980 487 4058 qualibet
503 3997 614 4058 66666,
630 3996 704 4042 cum
717 3977 823 4061 jurati
839 3996 900 4058 per
916 3995 1033 4057 preces
1049 3976 1189 4058 alicujus
1207 3976 1409 4042 inducuntur

210 4085 265 4150 661
298 4104 318 4150 6
347 4082 461 4164 jndice
492 4083 671 4148 mittuntur
701 4084 743 4146 ad
779 4082 978 4148 audiendum
1012 4081 1125 4159 611666
1157 4080 1320 4160 promissa
1354 4079 1410 4145 vel

210 4190 312 4253 verba
340 4186 503 4269 alicujus,
527 4186 687 4266 quidquid
721 4204 758 4251 66
781 4187 952 4252 audivisse
986 4190 1226 4267 protestantur,
1257 4184 1410 4249 revocari

211 4309 278 4357 non
300 4292 434 4373 poterit.
468 4290 502 4356 Si
530 4310 609 4357 vero
644 4308 709 4355 nou
745 4290 855 4355 vocati
890 4307 952 4355 nec
987 4288 1149 4370 postulati
1175 4288 1209 4354 in
1244 4289 1314 4355 foro
1349 4307 1408 4354 seu

1254 4410 1304 4462 aa*
