3275 5009
260 353 312 405 132
778 351 943 406 Sententiae

1573 512 1578 538 t

258 560 449 644 traduntur,
472 559 631 652 quamdiu,
647 562 764 643 pensio
788 561 860 628 sive
885 559 1013 626 reditus
1037 579 1096 642 pro
1120 559 1184 626 hiis
1208 559 1337 626 domino
1360 578 1455 641 praee
1571 539 1578 632 1

260 669 386 745 statur3
420 683 529 745 neque
561 665 627 748 ipsi
660 665 854 759 conductori
890 682 999 760 neque
1038 663 1156 730 heredi
1194 663 1275 747 ejus,
1314 664 1369 731 cui
1403 663 1459 730 vel

260 769 442 836 conductor
465 768 518 836 vel
542 770 640 836 heres
664 771 737 853 ejus
760 788 801 835 aa
825 769 963 851 praedia
979 769 1180 851 vendiderit,
1200 774 1259 834 aut
1274 767 1461 844 donaverit,

1573 634 1578 697 l

1573 702 1578 779 1

259 876 320 938 aut
348 873 438 940 dotis
468 873 598 940 nomine
629 873 770 956 dederit,
796 872 853 940 vel
875 871 940 938 alio
964 874 1058 939 modo
1083 869 1291 954 alienaverit,
1314 871 1457 937 aufferre
1574 962 1578 970 Ι

258 976 371 1043 liceat.
396 976 522 1062 (284.b)

546 1133 794 1216 Capitulum
816 1132 932 1200 XXV:
955 1131 1014 1197 De
1037 1130 1176 1198 feriis.

363 1274 436 1340 288.
458 1268 509 1335 De
524 1271 629 1355 feriis
652 1281 683 1336 el
698 1271 840 1354 feriatis
864 1269 985 1336 dicore.
1012 1270 1141 1338 Feriati
1163 1271 1234 1340 dies
1263 1269 1297 1336 in
1319 1270 1402 1336 locis
1424 1275 1462 1336 et

259 1378 294 1445 in
306 1375 443 1462 judiciis
458 1375 603 1443 diversis
619 1376 793 1443 observari
808 1373 1031 1442 diversimode
1048 1380 1310 1457 consuevernut3
1329 1393 1464 1456 semper
1577 1375 1578 1380 ’

260 1487 381 1563 tamen,
393 1497 596 1559 quocumque
608 1478 689 1545 anni
700 1483 849 1560 tempore
863 1477 1078 1556 occurrerint,
1091 1481 1290 1563 jnramenta,
1307 1479 1461 1560 exceptis

259 1584 336 1667 illis,
359 1602 445 1664 quae
467 1602 526 1664 pro
549 1584 718 1650 servanda
732 1600 816 1665 pace
831 1583 923 1663 finnt,
950 1583 1004 1648 vel
1024 1601 1109 1662 quae
1126 1602 1186 1664 pro
1202 1582 1461 1666 supportatione

260 1687 407 1756 carceris
429 1687 526 1754 homo
545 1689 648 1771 jurat,
672 1705 738 1754 non
757 1686 886 1752 suntin
902 1689 953 1753 eis
969 1685 1134 1753 facienda.
1157 1687 1254 1754 Unde
1268 1687 1461 1770 jnramenta
1574 1686 1578 1738 :

261 1793 296 1860 in
317 1791 400 1876 ipsis
422 1792 603 1869 induciata,
625 1791 708 1872 ipsis
731 1790 846 1873 finitis,
869 1795 947 1857 sunt
979 1792 1191 1871 praestanda.
1224 1790 1368 1856 Malefici
1400 1795 1466 1856 aut·
1577 1783 1578 1840 ἐ

260 1898 296 1964 in
318 1900 397 1964 actu
418 1894 574 1962 maleficii
596 1895 686 1976 rapti
709 1913 769 1978 per
792 1895 863 1960 dies
887 1893 1075 1976 hujusmodi
1097 1913 1164 1961 nou
1185 1895 1371 1993 salvantur,
1398 1896 1464 1960 sed.

261 2004 341 2067 sunt
364 1999 478 2066 statim
502 2002 610 2080 poena
632 1999 747 2065 debita
769 1999 941 2082 puniendi.

418 2171 665 2253 Capitulum
689 2170 826 2237 XXVI:
850 2171 908 2237 De
931 2171 1306 2253 fidejussionibus.

365 2310 440 2376 289.
464 2308 514 2371 De
530 2308 792 2392 fidejussoribus.
816 2308 854 2374 Si
872 2309 1049 2394 fidejussor
1064 2310 1228 2390 loquendo
1244 2311 1300 2379 vel
1317 2313 1468 2377 tacendo

261 2415 353 2480 illum
375 2417 515 2495 statuat,
538 2429 634 2491 quem
657 2416 811 2479 statuere
835 2414 996 2498 promisit,
1019 2415 1073 2483 vel
1096 2415 1183 2481 idem
1210 2418 1353 2482 absente
1382 2415 1463 2481 fide·

258 2520 392 2604 jussore
416 2535 489 2584 cum
513 2514 635 2583 effectu
657 2534 694 2582 se
717 2515 825 2599 ipsum
848 2521 989 2600 statuat,
1019 2518 1075 2585 vel
1097 2519 1220 2603 debita,
1250 2536 1310 2601 pro
1342 2519 1470 2598 quibus
1580 2603 1581 2606 Ἴ

261 2621 489 2706 fidejussorem
517 2619 638 2701 posuit,
669 2619 845 2702 expediat:
878 2620 992 2686 statim
1026 2622 1212 2706 fidejussor,
1243 2623 1307 2688 nisi
1331 2622 1464 2704 aliquid

262 2726 405 2794 ulterius
426 2724 540 2792 facere
563 2723 763 2808 promiserit,
794 2729 847 2791 est
870 2726 1051 2792 secundum
1078 2726 1244 2808 Justitiam
1273 2726 1464 2794 absolutus.

366 2866 439 2932 290.
463 2865 514 2926 De
528 2863 741 2948 fidojmciooe
769 2863 946 2928 homicidii.
977 2864 1018 2930 In
1047 2865 1260 2950 fidejussione
1290 2866 1464 2934 homicidii

263 2989 329 3038 non
352 2971 453 3037 debet
475 2973 572 3035 actor
595 2968 679 3052 cogi,
702 2970 788 3047 quod
811 2966 958 3035 sufficiat
981 2968 1054 3052 sibi,
1078 2972 1166 3049 quod
1189 2989 1267 3038 reus
1295 2972 1339 3036 ad
1370 2971 1468 3050 quin·

263 3073 427 3158 quaginta
449 3091 578 3141 marcas
603 3073 746 3154 habeat3
775 3071 840 3138 imo
871 3071 901 3138 si
930 3077 1026 3139 octor
1056 3073 1142 3154 petit
1174 3076 1333 3158 majorem
1359 3074 1470 3141 cauti·

265 3196 369 3260 onem,
388 3195 466 3244 reus
489 3181 542 3242 est
573 3176 609 3241 iu
640 3175 779 3242 manicis
812 3174 932 3242 ferreis
967 3182 1002 3242 et
1035 3178 1248 3258 compedibus
1274 3181 1469 3245 servandus

267 3286 302 3348 et
326 3281 525 3348 detinendis.

317 3488 319 3491 Ι
370 3411 444 3474 291.
478 3409 530 3474 De
556 3407 808 3492 fidejussoribus
848 3419 1002 3492 quantum
1026 3410 1070 3474 ad
1091 3418 1221 3473 mortem
1245 3412 1303 3476 rei.
1330 3411 1470 3488 Mortuo

264 3534 323 3582 reo
350 3515 527 3600 fidejussor
556 3513 642 3579 liber
673 3512 755 3593 erit;
784 3514 884 3579 debet
916 3518 1027 3594 tamen
1058 3530 1132 3580 eum
1163 3517 1328 3580 mortuum
1354 3534 1470 3584 coram

261 3618 388 3703 judicio
405 3621 636 3684 demonstrare
651 3617 706 3682 vel
723 3619 866 3698 probare
881 3617 1073 3684 mettertius
1085 3615 1292 3684 credibilium
1305 3618 1472 3703 virorum,

267 3722 349 3789 tunc
370 3723 492 3789 iterum
515 3723 689 3788 absolutus
713 3721 786 3789 erit.

369 3854 443 3920 292.
481 3851 703 3937 Fidcjaseorae
742 3851 953 3918 absolvuntur
991 3852 1132 3918 debitore
1167 3855 1324 3920 absoluto.
1367 3853 1469 3921 Fide-

263 3959 414 4043 jussores
437 3955 658 4023 absolvuntur
681 3955 833 4022 debitore
855 3957 1032 4039 principali
1055 3960 1225 4041 absoluto,
1242 3960 1474 4026 accessorium

267 4061 355 4128 euim
379 4059 563 4142 principale
586 4060 739 4139 sequitur
761 4059 833 4143 ipso
853 4061 940 4144 jure.

258 4233 262 4242 ·
371 4201 444 4264 293.
478 4199 529 4261 Da
555 4197 766 4283 fideiussione
800 4209 955 4282 quantam
986 4202 1030 4264 od
1065 4203 1198 4286 iqnotos.
1239 4203 1345 4269 Homo
1382 4200 1471 4294 exul,

266 4303 517 4388 fidejussoribus
541 4322 670 4387 carens,
692 4322 758 4370 non
783 4305 884 4372 debet
906 4324 1010 4386 usque
1027 4307 1069 4373 ad
1085 4311 1270 4374 extremum
1285 4306 1469 4386 terminum
