3275 5009
674 361 842 412 brunenses.
1302 356 1358 410 203

153 569 250 635 bonis
276 568 541 653 consanguineos
564 566 723 649 mulieris,
746 567 801 634 101
825 583 892 648 eos,
914 567 957 631 ad
980 584 1062 646 quos
1078 564 1237 646 pertinet,
1252 563 1360 630 babet

150 673 327 755 impetere,
351 674 411 740 sed
433 679 566 739 tantum
591 671 733 753 propriis
757 671 930 737 laboribus
946 670 1009 736 sibi
1026 669 1109 752 ipsis
1125 674 1161 735 01
1176 667 1359 735 heredibus

149 777 232 856 suis,
257 778 290 844 si
313 795 394 858 quos
417 777 554 859 habent,
577 778 618 842 de
642 775 844 843 necessariis
863 773 1096 855 providebunt.

259 931 337 1000 514.
366 930 417 994 De
448 931 614 995 eductione
643 931 762 994 viduae
793 931 1017 1012 caruncipotce
1046 930 1081 990 iu
1110 925 1259 1012 speciali.
1292 924 1358 1010 Qui

151 1035 299 1116 viduam,
312 1034 479 1118 propriam
491 1052 638 1102 mensam
652 1053 717 1102 non
728 1034 917 1116 habentem,
926 1035 1069 1100 educere
1082 1031 1360 1122 praesumpserit,

152 1159 218 1205 una
244 1139 418 1221 cumipse
442 1158 501 1221 per
523 1139 557 1204 X
580 1157 685 1206 annos
709 1139 884 1206 continuos
908 1138 1080 1206 civitatem
1105 1136 1236 1218 vitabit,
1261 1136 1360 1201 etde

151 1243 252 1310 bonis
277 1244 400 1310 viduae
423 1243 529 1325 ipsius
552 1244 795 1329 consanguinei
827 1244 1044 1326 proximiores
1074 1248 1114 1309 nt
1135 1244 1178 1308 ad
1199 1241 1285 1323 illos,
1315 1240 1357 1305 ad

153 1365 237 1426 quos
274 1353 418 1430 spectat,
453 1367 490 1414 se
525 1347 762 1425 intromittant,
793 1348 876 1414 nihii
908 1351 950 1414 de
982 1349 1108 1418 eisdem
1139 1345 1276 1428 penitus
1307 1343 1361 1408 eis

153 1453 277 1518 nando.
301 1451 376 1518 Nisi
397 1450 554 1518 fortassis
578 1450 698 1519 mulier
720 1451 808 1518 inira
830 1452 865 1518 X
887 1471 992 1518 annos
1015 1452 1087 1518 viro
1115 1449 1272 1517 defuncto
1303 1446 1360 1515 vel

153 1562 232 1637 post
255 1556 292 1622 X
314 1574 419 1622 annos
442 1555 516 1637 ipso
539 1555 685 1638 vivente,
709 1558 805 1623 ambo
829 1555 927 1622 simul
950 1557 1061 1623 redire
1084 1555 1262 1635 voluerint,
1277 1563 1361 1618 tune

155 1659 244 1725 enim
269 1679 333 1726 non
359 1659 587 1742 dejurasse
610 1660 713 1726 solum
738 1662 778 1726 de
803 1661 915 1744 gratia
938 1661 972 1726 in
995 1662 1057 1727 hoc
1092 1678 1182 1741 castr,
1213 1658 1302 1725 sicut
1324 1659 1363 1724 et

155 1761 190 1828 in
214 1762 440 1844 praescriptis
464 1782 485 1828 a
508 1761 648 1830 consilio
671 1764 822 1830 ciuitatis
844 1765 1036 1848 nominatim
1057 1766 1204 1845 obtenta,
1221 1762 1250 1828 si
1265 1761 1358 1841 quid·

157 1863 271 1947 01011
284 1867 334 1934 eis
357 1868 472 1934 datum
495 1867 606 1951 fuerit,
628 1869 691 1935 hoe
713 1870 894 1936 habebunt.

268 2023 342 2088 515.
376 2022 427 2085 De
459 2021 631 2088 mulierum
663 2023 830 2088 eductione
863 2033 893 2087 et
918 2022 1118 2108 puellarum.
1154 2023 1363 2107 Quicumque

159 2126 317 2210 puellam,
340 2144 424 2207 quae
448 2144 552 2194 annos
581 2127 651 2194 XII
674 2145 738 2194 non
763 2128 952 2212 complevit,
982 2127 1016 2195 In
1045 2127 1117 2194 loco
1147 2143 1361 2207 quocumque,

160 2231 216 2298 101
241 2231 386 2314 pueliam
411 2237 487 2314 post
509 2249 615 2298 annos
638 2231 709 2299 XII
730 2233 785 2303 vel
808 2235 941 2300 viduam
965 2233 999 2298 in
1023 2235 1127 2314 domo,
1156 2232 1190 2297 in
1217 2229 1361 2297 eeclesia

158 2336 213 2405 101
238 2336 305 2402 alin
329 2336 505 2418 commodo,
529 2339 617 2416 qtrod
645 2338 730 2402 ostio
763 2337 874 2404 claudi
904 2342 1026 2420 potest,
1055 2342 1186 2420 raptam
1218 2336 1364 2402 educere

159 2440 443 2522 praesumpserit:
464 2443 591 2521 ubsque
616 2442 703 2507 omni
727 2443 838 2524 gratia
855 2448 1022 2523 tamquam
1040 2441 1202 2524 spoliator
1219 2438 1365 2506 decolla-

159 2543 263 2628 bitur,
292 2543 347 2611 vel
369 2548 541 2626 perpetuo,
572 2544 601 2610 si
632 2548 789 2630 evaserit,
820 2548 963 2614 civitate
993 2546 1140 2628 carebit;
1172 2545 1247 2627 ipsa
1280 2561 1362 2610 vero

161 2649 275 2729 puella
298 2648 353 2714 vel
375 2648 476 2714 vidua
499 2648 641 2715 statutis
665 2651 828 2733 gaudebit
851 2651 1100 2733 suprascriptis.

269 2823 342 2887 516.
365 2821 415 2885 Dc
437 2821 608 2885 mulierum
631 2826 759 2887 ortacia
782 2828 871 2888 circu
894 2835 1101 2890 contractum.
1124 2825 1206 2893 Cum
1229 2842 1295 2889 11011
1318 2824 1367 2889 sit

163 2926 298 2993 maIIcia
321 2943 423 3006 snper
444 2925 610 2993 maliciam
633 2928 823 2997 mulierum:
846 2929 876 2996 si
898 2929 1018 2997 mulier
1041 2930 1095 2996 101
1118 2931 1234 2995 adulta
1251 2927 1367 3010 puella

163 3029 278 3113 filium,
290 3028 437 3113 fratrem,
451 3038 605 3112 nepotem
622 3039 657 3098 et
672 3033 819 3118 intrant
835 3034 989 3117 superius
1006 3034 1206 3116 continetur,
1218 3032 1366 3117 alicujus

164 3134 262 3200 bonis
284 3133 426 3200 bominis
449 3154 554 3201 annos
571 3137 698 3205 XVIII
718 3157 782 3205 non
797 3141 986 3222 habentem,
1001 3138 1114 3206 dolose
1131 3140 1173 3202 ad
1190 3138 1253 3203 boc
1269 3136 1364 3202 indu·

165 3239 265 3321 10111,
289 3240 375 3318 quod
400 3239 539 3322 occulte,
563 3244 637 3309 sine
661 3244 983 3328 consanguineorum
1001 3245 1055 3310 vel
1070 3243 1209 3324 illorum,
1226 3259 1366 3322 quorum

165 3340 746 3430 interest,consilioean1duxerit,
776 3349 827 3414 vel
858 3366 919 3430 per
950 3351 1062 3430 verba,
1094 3366 1180 3428 quae
1210 3346 1365 3413 revocari

165 3463 232 3512 non
276 3456 426 3530 possunt,
472 3449 594 3516 ducere
640 3451 912 3533 praesumpserit,
951 3453 1006 3518 101
1049 3470 1161 3518 secum
1199 3450 1367 3516 exiverit:

166 3548 374 3616 hereditaria
411 3551 564 3632 portione
603 3556 743 3640 perdita,
780 3555 861 3621 talis
899 3554 1071 3621 seductrix
1108 3573 1182 3620 cunr
1224 3555 1366 3619 seducto

167 3654 265 3721 annis
289 3653 316 3719 L
341 3654 481 3722 civitate
505 3659 649 3741 carebit;
682 3660 829 3727 servatis
852 3664 964 3727 tamen
988 3658 1245 3737 conditionibus,
1275 3655 1365 3721 inira

168 3757 224 3823 vel
245 3762 321 3839 post
337 3758 445 3825 dictos
462 3779 575 3843 annue,
592 3763 621 3829 si
636 3763 742 3843 fieret,
758 3762 899 3830 inferius
914 3763 1094 3828 annotatis.
1118 3760 1192 3826 Nisi
1206 3760 1367 3827 fortassis

169 3862 249 3929 talis
274 3860 407 3945 juvenis
439 3882 511 3929 cunr
542 3867 639 3932 bonis
662 3869 731 3935 suis
755 3887 775 3933 a
799 3867 1053 3951 consanguineis
1076 3867 1132 3933 101
1154 3864 1367 3931 curatoribus

169 3966 306 4048 divisus,
328 3967 484 4047 propriae
507 3968 611 4036 fuerit
633 3971 832 4054 potestatis3
854 3977 935 4037 tunc
952 3969 1046 4053 enim,
1063 3969 1093 4036 ei
1107 3968 1211 4036 stulte
1227 3975 1264 4036 et
1279 3969 1367 4035 male

171 4070 288 4154 egerit,
311 4069 453 4150 imputet
476 4073 541 4140 sibi
564 4075 637 4157 ipsi.

277 4223 1368 4313 517.Βο110110111010100101110110110001101101011.8101111111

173 4330 312 4422 alicujus
337 4333 571 4418 quuscumque
595 4352 707 4418 sesne,
725 4333 875 4418 virgines
896 4334 951 4400 101
967 4332 1106 4416 puellae,
1122 4349 1177 4398 res
1192 4333 1371 4414 habentes,
