3275 5009
666 375 832 427 Bruneuses.
1313 373 1347 424 89

233 585 415 651 ,ὃίωίίἰῖθτ
450 603 508 666 pro
544 586 685 664 dampno
722 583 894 664 promisso,
927 583 1016 647 sicut
1048 581 1187 662 exempli
1220 581 1346 664 gratia:

153 690 318 757 Haurious
341 691 536 756 accomodat
559 689 759 755 Weuceslao
784 688 960 770 pecuniam
982 688 1043 752 snb
1068 689 1129 754 hac
1147 685 1345 766 conditione,

153 797 236 873 quod
260 795 288 859 si
311 799 345 861 in
369 795 432 861 tali
455 795 518 860 sibi
542 812 614 859 earn
637 812 703 858 non
727 794 839 860 solvat
862 793 1012 876 termino,
1038 790 1214 870 conquirat
1242 789 1347 870 ipsam

152 901 209 965 sub
234 900 385 980 dampno,
407 901 493 978 quod
512 900 688 978 dampnum
706 897 925 964 Weuceslaus
942 895 1109 978 promittit
1124 894 1190 960 sibi
1208 896 1347 974 solvere,

152 1003 235 1068 sicut
259 1009 294 1068 et
319 1003 492 1084 pecuniam
515 1003 749 1084 principalem,
780 1001 815 1067 iu
847 1002 909 1066 hoo
938 1020 1018 1066 casu
1049 1007 1084 1066 et
1116 999 1216 1066 simili
1247 999 1347 1064 Weu·

153 1108 281 1172 ceslaus
317 1113 503 1173 conventus
523 1106 660 1189 'judicio
696 1124 756 1187 per
784 1105 968 1171 Heuricum
1002 1107 1103 1170 debet
1134 1105 1205 1187 ejus
1241 1102 1348 1182 queri-

152 1212 267 1278 moniis
312 1230 370 1293 pro
409 1214 550 1292 dampno
589 1213 801 1290 respondere.
848 1210 887 1274 Iu
925 1216 1068 1288 utroque
1105 1215 1216 1273 tamen
1255 1225 1349 1287 prae·

151 1315 237 1381 dicto
273 1335 335 1399 per
365 1306 522 1398 actorem,
552 1322 731 1394 antequam
762 1332 854 1378 reum
886 1313 1002 1378 trabat
1031 1312 1066 1377 in
1096 1329 1239 1387 cansam,
1269 1311 1348 1376 talis

150 1422 359 1502 protestatio,
384 1420 566 1500 publicatio
591 1419 644 1484 vel
668 1418 801 1484 cantela
825 1423 878 1483 est
897 1416 1064 1497 facienda3
1089 1416 1242 1496 inprime
1263 1415 1349 1480 enim

152 1526 290 1606 dampno
326 1523 532 1590 hereditario
567 1526 670 1589 debet
695 1522 841 1604 judicem
872 1527 906 1586 et
933 1523 1066 1604 juratos
1098 1522 1141 1584 ad
1171 1520 1349 1585 videndum

151 1629 336 1710 dampnum,
366 1630 407 1696 de
435 1648 499 1709 quo
529 1630 603 1695 vult
634 1628 802 1710 conqueri,
834 1628 876 1691 ad
908 1625 1132 1692 hereditatem
1163 1625 1284 1689 ducere
1314 1627 1349 1688 et

151 1732 239 1816 ipsis,
256 1732 403 1813 qualiter
417 1732 681 1814 dampnificetnr,
693 1733 736 1796 ad
750 1732 879 1796 oculum
894 1733 1141 1811 demonstrare,
1157 1730 1190 1798 in
1205 1731 1349 1794 secundo

150 1853 235 1914 vero,
260 1855 335 1902 cum
359 1837 533 1918 pecuniam
557 1840 619 1903 sub
642 1838 784 1916 dampno
809 1853 910 1916 super
938 1835 1039 1911 illurn,
1064 1835 1120 1914 qui
1150 1835 1257 1914 ipsum
1285 1833 1350 1898 sibi

150 1939 327 2007 refundere
352 1941 505 2023 promisit
528 1943 715 2021 dampnum,
740 1940 812 2004 vult
835 1938 996 2022 recipere,
1028 1941 1129 2004 debet
1152 1937 1348 2018 privilegiis,

151 2045 293 2112 testibus
318 2045 373 2111 vel
396 2045 472 2111 aliis
497 2043 707 2111 documentis
730 2042 890 2126 legitimis
914 2062 1025 2108 coram
1044 2042 1158 2124 jndice
1175 2056 1210 2107 et
1223 2041 1348 2124 juratis

151 2152 336 2232 ostendere,
367 2152 455 2229 quod
485 2149 619 2215 termini
651 2148 829 2213 solutionis
861 2147 1090 2228 transiverint,
1122 2152 1157 2212 et
1184 2149 1348 2227 protesta-

151 2251 270 2318 tionem
293 2252 417 2337 facere,
439 2238 527 2332 qnod
550 2252 612 2318 tali
635 2253 699 2333 die,
720 2271 816 2332 quarn
829 2252 937 2336 Jurati
952 2252 986 2316 iu
1003 2251 1159 2317 memoria
1177 2251 1348 2316 habebunt

151 2357 203 2428 vol
236 2358 395 2438 scriptor.
411 2359 546 2440 juratus
579 2357 719 2439 notabit,
754 2360 844 2437 apud
879 2357 980 2422 talem
1014 2356 1069 2423 vel
1103 2356 1205 2421 talem
1241 2353 1350 2438 (quem

151 2461 348 2546 nominabit)
383 2463 444 2526 sub
479 2467 575 2526 tanta
609 2462 664 2526 vel
698 2465 795 2526 tauta
831 2461 1021 2540 quantitate
1060 2459 1193 2540 dampni
1235 2459 1350 2543 (quam
1414 2522 1416 2524 ,

152 2565 248 2629 etiam
272 2564 470 2649 nominabit)
495 2565 643 2630 debitum
667 2583 761 2630 suum
783 2565 961 2644 receperit.
981 2563 1062 2629 Istis
1086 2563 1186 2629 factis
1207 2562 1349 2628 cautelis

154 2685 250 2750 super
281 2671 423 2752 dampno
453 2687 561 2735 coram
589 2669 715 2750 jndicio
745 2670 780 2735 in
812 2669 1018 2750 querimonia
1046 2669 1216 2750 proposito
1245 2668 1350 2750 judex

154 2776 288 2839 tenetur
301 2776 582 2853 conquerentibus
596 2773 749 2853 justitiae
763 2775 1037 2855 complementum
1052 2773 1216 2838 exhibere.
1229 2772 1276 2836 Et
1287 2772 1349 2837 hoc

154 2883 213 2958 est,
238 2880 327 2956 quod
350 2878 508 2961 vulgares
531 2880 660 2944 dieunt:
686 2880 785 2961 „Man
807 2879 895 2944 richt
919 2877 1074 2943 nichtvm
1103 2878 1238 2957 schadn,
1262 2877 1350 2940 denn

153 2984 273 3048 sunder
283 3002 337 3048 vm
346 2984 553 3048 erbsehaden
564 2986 632 3049 vnd
641 2985 861 3067 vm-gelobten
875 2983 1077 3064 schadn,der
1086 2982 1126 3045 do
1136 2983 1265 3045 bewart
1274 2980 1347 3044 ist“.

252 3123 327 3185 150.
361 3122 412 3183 De
441 3120 599 3206 'dornpnis
633 3123 844 3185 hereditariis
873 3122 1037 3184 taxandis.
1072 3120 1266 3202 Propositus
1298 3125 1350 3185 est

153 3225 226 3290 talis
257 3245 372 3292 casus:
406 3226 548 3310 Quidam
582 3247 692 3293 coram
724 3228 819 3292 nobis
844 3226 1045 3305 aliquamdiu
1071 3245 1131 3307 pro
1154 3224 1349 3289 interstitiis

154 3330 327 3412 domorum,
355 3332 542 3414 vulgariter
573 3333 672 3398 dictis
706 3350 749 3397 re
759 3333 909 3414 ychen,
936 3331 1062 3414 judicio
1086 3331 1349 3408 contenderunt,

156 3451 290 3511 quorum
324 3453 409 3500 nnus
437 3438 552 3502 eadem
584 3436 771 3503 interstitia
805 3435 914 3502 domui
946 3453 1025 3500 suae
1054 3435 1128 3516 jure
1160 3433 1349 3500 attinentia,

156 3538 320 3620 evincens
350 3541 503 3621 dampna,
534 3560 619 3620 qnae
648 3541 823 3606 occasione
854 3540 1039 3624 huJusmodi
1071 3543 1276 3620 perceperat,
1307 3538 1348 3600 ab

156 3640 257 3708 altero
282 3643 451 3723 repetivit.
474 3643 521 3708 Et
546 3664 618 3709 curn
642 3644 818 3710 terminum
843 3644 891 3709 eis
914 3643 1045 3707 finalem
1069 3645 1109 3708 de
1134 3641 1231 3708 dictis
1249 3640 1349 3721 placi·

155 3748 245 3812 tandi
269 3747 420 3828 dampnis
444 3748 701 3832 assignaremus,
726 3753 822 3814 actor
845 3767 903 3829 pro
927 3766 964 3812 se
987 3746 1125 3813 fratrem
1143 3765 1246 3821 suurn,
1272 3762 1349 3811 rens

156 3866 230 3916 vero
261 3851 422 3917 sororium
453 3871 545 3918 sunm
576 3871 689 3919 eorum
719 3859 956 3934 procuratores
987 3852 1242 3932 constituerunt,
1275 3867 1347 3930 pro·

155 3956 317 4020 testantes
330 3958 435 4038 ambo,
451 3955 479 4021 si
496 3957 584 4022 dicto
598 3958 822 4039 personaliter
836 3976 902 4023 nou
915 3961 1052 4039 possent
1064 3958 1183 4021 adesse
1198 3954 1348 4035 termino,

155 4059 308 4139 quidquid
333 4077 392 4140 per
415 4067 650 4140 procuratores
675 4051 810 4141 eosdem
833 4063 964 4127 nomine
982 4079 1094 4126 eorum
1111 4061 1216 4134 fieret,
1233 4062 1349 4122 contra

157 4162 214 4228 hoc
235 4163 351 4230 venire
375 4165 520 4246 nollent;
543 4165 608 4246 ipsi
632 4185 711 4232 vero
743 4172 980 4248 procuratores
1003 4163 1204 4247 praescripti
1227 4162 1349 4226 ibidem

158 4274 349 4345 praesentes
381 4267 506 4334 dictum
538 4271 783 4349 procurationis
812 4270 955 4337 officium
989 4287 1024 4334 se
1054 4270 1139 4334 velle
1169 4266 1349 4347 suscipere,

159 4386 215 4435 nec
237 4376 438 4438 recusarunt
461 4390 522 4437 nec
546 4377 748 4440 verbotenus
773 4378 1020 4455 expresserunt.
1044 4372 1197 4436 Instante
1214 4372 1349 4435 tandem
