3275 5009
280 376 334 427 244
815 373 980 428 Sententiae

387 580 427 647 lt.
451 578 488 646 Si
511 580 607 645 uxori
629 579 771 647 maritus
794 583 906 647 dotem
924 580 1101 665 legaverit,
1117 584 1209 650 valet
1223 584 1379 669 legatum,
1395 585 1482 665 qnia

284 684 413 768 plenius
436 689 491 751 cst
512 683 672 767 legatum,
695 702 793 765 quam
816 685 906 752 actio
930 688 971 753 de
994 688 1081 752 dote.
1104 686 1172 754 Sed
1196 688 1225 753 si
1249 696 1283 753 et
1300 706 1397 769 quam
1412 708 1485 755 non

281 789 451 871 acceperit
484 789 605 871 dotem,
645 788 823 872 legaverit,
863 789 1026 869 siquidem
1064 791 1262 874 simpliciter
1300 792 1483 876 legaverit,

280 894 398 961 inutile
422 898 476 959 θεῖ
497 891 654 976 legatum.
677 892 714 959 Si
736 911 816 960 vero
841 901 935 961 certa
960 894 1110 976 pecnnia,
1125 895 1180 963 vel
1199 902 1326 962 certum
1343 912 1474 978 corpus,

282 1005 340 1064 aut
373 999 631 1064 instrumentum
668 996 758 1063 dotis
794 995 829 1062 in
865 997 1090 1081 praelegendo
1126 1002 1355 1065 demonstrata
1387 1004 1483 1080 sunt,

270 1102 374 1170 ualet
396 1102 553 1185 legatum.
580 1100 640 1180 (Et
666 1106 720 1167 est
747 1099 1006 1168 instrumentum
1037 1110 1222 1185 apparatus
1246 1103 1478 1187 possessionis,

284 1212 322 1271 nt
345 1225 474 1289 currus,
496 1209 645 1271 aratrum
668 1211 705 1270 et
728 1204 936 1289 consimilia.)

387 1311 429 1377 Ιῖ.
460 1310 495 1377 Si
526 1328 610 1393 grex
642 1309 776 1393 legatus
810 1308 921 1392 inerit,
957 1316 1141 1391 posteaque
1176 1313 1217 1377 ad
1251 1330 1348 1378 unam
1382 1326 1483 1378 ovem

205 1439 212 1449 ·
283 1414 488 1498 pervenerit,
520 1414 607 1493 quod
641 1413 816 1496 superfuit,
855 1414 1027 1482 vendicari
1065 1420 1185 1497 potest.
1222 1414 1334 1500 Grege
1367 1422 1484 1481 autem

280 1521 394 1603 legato
418 1526 452 1585 et
475 1536 533 1584 eas
556 1535 646 1601 oves,
669 1536 755 1598 qnae
778 1526 856 1599 post
879 1523 1118 1585 testamentum
1139 1518 1266 1586 factum
1282 1522 1378 1604 gregi
1393 1519 1477 1605 adji-

283 1624 427 1706 ciuntur,
459 1622 571 1706 legato
609 1623 729 1688 cedere
763 1620 921 1690 Julianus
952 1624 1001 1688 ait
1040 1624 1117 1709 (Est
1149 1625 1235 1691 enim
1266 1643 1349 1707 grex
1381 1642 1485 1690 unum

283 1745 403 1808 corpus
434 1744 476 1791 ex
503 1724 707 1790 distantibus
737 1725 916 1807 capitibus,
946 1726 1035 1793 sicut
1067 1727 1195 1793 aedium
1227 1746 1324 1793 unum
1357 1744 1485 1809 corpus-

282 1838 336 1897 est
348 1850 390 1896 ex
401 1830 635 1896 coherentibus
646 1829 839 1915 lapidibus).
851 1830 999 1897 Aedibus
1012 1832 1155 1911 denique
1168 1832 1290 1915 legatis
1303 1831 1482 1913 columpna

284 1941 319 2001 et
334 1953 507 2017 marmora,
519 1952 604 2014 quae
621 1939 699 2016 post
713 1939 951 2001 testamentum
969 1932 1093 2000 iactum
1109 1937 1244 2020 adjecta
1259 1941 1350 2019 snut,
1365 1936 1487 2019 legato

283 2055 342 2105 sen
364 2037 528 2122 legatario
551 2040 676 2105 cedunt
699 2036 781 2123 (Sed
805 2040 978 2121 columpna
1001 2057 1060 2106 seu
1082 2040 1210 2123 tignum
1226 2042 1340 2107 domus
1357 2040 1487 2121 partim.

283 2145 390 2227 legari
414 2159 480 2209 non
504 2147 625 2225 potest,
648 2160 690 2208 ne
714 2144 794 2209 urbs
817 2142 1047 2228 deformetur).

387 2248 429 2323 It.
450 2247 531 2313 Tam
555 2247 746 2328 corporales
761 2265 826 2329 res,
843 2265 939 2326 quam
956 2248 1183 2330 incorporales
1199 2249 1306 2332 legari
1325 2252 1488 2328 possunt;
1610 2234 1611 2299 i

284 2357 319 2417 et
340 2351 416 2417 ideo
439 2350 483 2432 id,
505 2351 592 2432 quod
615 2350 774 2417 defuncto
797 2352 949 2434 debetur,
972 2357 1085 2433 potest
1107 2354 1207 2419 alicui
1230 2352 1347 2436 legari,
1370 2356 1407 2417 nt
1433 2369 1480 2415 sc

285 2456 435 2521 actiones
469 2471 548 2521 suas
582 2455 680 2521 heres
712 2454 876 2538 legatario
907 2460 1069 2540 praestet,
1101 2456 1166 2523 nisi
1196 2455 1349 2539 exegerit
1378 2453 1488 2521 vivus*

281 2565 428 2626 testator
451 2559 639 2641 pecuniam;
664 2578 738 2625 nam
762 2559 824 2624 hoc
848 2576 928 2624 casu
952 2559 1100 2642 legatum
1123 2558 1343 2643 extinguitur.

389 2664 431 2729 It.
454 2662 491 2729 Si
514 2664 587 2742 quis
610 2661 808 2745 innomine,
831 2663 1016 2747 agnomine,
1039 2664 1242 2747 cognomine,
1266 2654 1491 2745 praenomine

284 2766 441 2852 legatarii
456 2766 623 2836 erraverit
638 2770 793 2849 testator,
816 2767 846 2833 si
868 2768 910 2833 de
934 2784 1078 2849 persona
1102 2773 1242 2850 constet,
1267 2766 1488 2833 nihilominus

284 2872 378 2942 valet
395 2872 553 2954 legatum.
576 2870 732 2951 Idemque
755 2871 790 2937 in
814 2871 993 2939 heredibus
1016 2879 1181 2954 servatur,
1205 2880 1242 2939 et
1263 2880 1366 2939 recte.

389 3030 462 3094 635.
485 3027 535 3091 De
558 3028 634 3112 tia,
656 3029 714 3111 qui
735 3028 885 3090 intestati
906 3030 1100 3095 moriuntur.
1122 3030 1311 3096 Intestatus
1333 3030 1487 3109 decedit,
1608 2988 1609 3011 ³

286 3134 342 3213 qui
363 3137 424 3199 ent
445 3131 576 3198 omnino
598 3136 837 3200 testamentum
860 3150 925 3199 non
948 3130 1039 3216 fecit,
1062 3133 1140 3213 qnia
1154 3139 1486 3215 mortepraeventus

286 3242 347 3315 est,
371 3242 430 3302 aut
453 3236 509 3315 qui
532 3235 649 3319 noluit,
670 3242 731 3302 aut
752 3255 819 3303 nou
838 3235 916 3318 jnre
943 3240 1180 3303 testamentum
1211 3235 1302 3319 fecit,
1333 3236 1410 3317 quia
1436 3255 1484 3303 sc.

285 3340 395 3408 caruit
431 3339 667 3421 solempnitate
700 3340 845 3422 testium,
882 3340 938 3407 vel
970 3341 1049 3421 quia
1085 3344 1229 3406 testator
1263 3358 1329 3405 non
1362 3340 1484 3406 habuit
1607 3396 1608 3439 ,

286 3444 483 3512 testamenti
504 3442 692 3541 factionem,
714 3443 804 3509 sicut
831 3442 949 3509 furiosi
970 3448 1006 3509 et
1029 3442 1087 3508 alii
1115 3442 1317 3523 supradicta
1346 3450 1404 3509 ant
1437 3442 1484 3524 id,

288 3551 373 3630 quod
396 3548 533 3630 fecerat,
556 3552 688 3631 ruptum
711 3547 885 3614 irritumve
908 3546 1106 3613 factumest
1129 3544 1292 3631 (Ruptum
1318 3564 1362 3612 se.
1378 3566 1482 3627 agne·

287 3654 377 3719 tione
392 3652 568 3733 posthumi
592 3652 646 3718 rel
670 3653 710 3717 de
732 3669 853 3733 causa3
875 3650 1008 3718 irritum
1030 3656 1143 3717 antem
1166 3650 1212 3734 fit,
1229 3669 1300 3716 cnm
1319 3653 1489 3732 probatur

287 3756 468 3823 officiosum
491 3761 527 3823 et
548 3774 629 3823 vero
651 3773 694 3821 ex
717 3756 824 3822 officio
851 3755 989 3837 pietatis
1021 3773 1086 3821 non
1110 3753 1258 3839 iactum).
1290 3754 1489 3821 Intestatus·
1606 3778 1607 3787 2

287 3860 388 3927 etiem
410 3860 553 3955 decedit,
576 3877 619 3925 ex
641 3877 706 3940 quo
730 3877 825 3926 nemo
847 3860 947 3927 heres
971 3858 1152 3926 exstiterit.

390 4017 474 4097 636„
487 4015 559 4079 637.
571 4012 735 4083 Quomodo
745 4024 874 4078 mortuo
887 4024 1043 4079 testatore
1053 4023 1276 4078 testamentum
1292 4015 1481 4100 impeditur.

287 4119 431 4202 Accidit,
447 4136 519 4185 cnm
541 4116 674 4198 quidam
698 4116 819 4186 cirinm
841 4117 876 4184 in
895 4119 1013 4186 ultima
1036 4136 1098 4186 sne
1119 4118 1344 4201 disposuisset
1366 4118 1489 4185 volun·
1605 4146 1606 4149 ¹

286 4228 360 4289 tate
383 4224 510 4289 domum
528 4223 629 4290 vendi
652 4226 688 4287 et
709 4223 847 4288 tertiam
871 4229 1000 4304 partem
1024 4224 1130 4305 uxori,
1154 4225 1235 4289 duas
1259 4240 1339 4289 vero
1364 4210 1488 4304 partes

287 4328 413 4393 duobus
435 4326 559 4409 pneris,
582 4345 664 4407 qnos
688 4326 797 4393 adhuc
819 4324 964 4393 infantes
984 4326 1177 4409 reliquerat,
1192 4325 1390 4405 quibusdam
1406 4328 1486 4407 ej'us
