3275 5009
693 375 861 430 &menses
1042 375 1043 380 ’
1324 379 1376 434 107

280 587 356 651 189.Δ
378 580 516 658 Quando
539 584 728 651 dotalitium
743 588 788 650 sit
802 585 998 652 solvendum.
1022 585 1379 655 Sententialiter

178 689 425 758 diffinitum
448 695 531 757 est:
556 691 638 758 Cum
660 691 851 759 dotalitium
871 691 1097 775 aequipolleat
1112 691 1221 774 pretio
1238 709 1379 774 corpore

177 795 365 862 deservite:
388 793 503 862 eodem
526 796 592 879 die,
615 813 680 877 quo
703 796 951 864 matrimonium
974 795 1104 863 carnali
1127 797 1247 878 copula
1273 795 1379 864 fuerit

178 903 509 982 consummatumesc
517 902 616 985 juxta
627 900 763 969 formem
780 901 936 984 promissi
949 900 1099 984 plenarie
1111 901 1377 983 persolvendum.

282 1055 357 1118 190.
372 1051 573 1120 Detulitium
586 1057 621 1118 iu
632 1055 727 1121 rebus
742 1054 917 1121 mobilibus
925 1057 1006 1139 fleri
1014 1066 1131 1142 potest.
1148 1055 1222 1124 Non
1235 1061 1379 1151 oportet,

179 1157 267 1226 sicut
289 1159 403 1240 aliqua
423 1159 499 1244 jura
520 1162 638 1230 volunt
660 1162 884 1245 municipalia,
914 1162 1001 1244 quod
1032 1161 1222 1228 dotalitium
1244 1164 1378 1228 tantum

179 1265 380 1331 ostendatur
401 1265 437 1332 in
459 1270 561 1349 terra,
584 1269 614 1333 h.
639 1286 667 1333 e.
690 1267 726 1335 in
747 1266 997 1334 hereditatibus
1019 1265 1130 1334 affixis
1152 1269 1283 1348 terrae,
1314 1263 1380 1330 imo

179 1368 428 1450 sipromissum
451 1373 504 1436 est
533 1369 740 1452 simpliciter,
773 1370 809 1436 in
845 1373 999 1453 prompta
1021 1369 1164 1452 pecunia
1194 1369 1250 1436 vel
1281 1369 1379 1436 bonis

178 1472 254 1539 aliis
277 1472 454 1540 mobilibus
477 1475 611 1541 ostendi
632 1478 754 1556 potest.

282 1631 357 1696 191.
381 1630 433 1694 De
448 1612 703 1695 dotalitiouoror
717 1640 765 1694 est
774 1631 876 1716 prius
892 1629 1100 1712 certificanda
1115 1650 1208 1714 quum
1231 1634 1381 1697 moritus.

179 1732 437 1803 Diiiinitive
459 1753 538 1818 per
559 1734 845 1817 legislatores
862 1733 1101 1802 discussum
1117 1737 1195 1800 est:
1216 1731 1383 1800 Simulier

178 1837 253 1905 viro
269 1838 461 1921 promiserit
476 1839 510 1906 X
526 1844 561 1906 et
577 1839 630 1906 vir
646 1844 786 1906 econtra
805 1838 938 1906 mulieri
952 1837 1020 1904 XX
1035 1855 1175 1921 marces,
1198 1836 1316 1904 mulier
1338 1839 1382 1904 ad

178 1941 432 2022 requisitionem
467 1943 532 2011 viri
566 1962 632 2010 non
666 1950 719 2010 est
737 1946 912 2026 cogenda,
942 1943 1030 2023 quod
1060 1960 1155 2008 suum
1185 1941 1382 2024 promissum

178 2045 327 2130 impleat,
359 2046 426 2114 nisi
447 2047 551 2132 prius,
573 2049 603 2115 si
626 2047 723 2132 petit,
745 2049 787 2114 de
810 2048 972 2131 promisso
995 2045 1061 2115 viri
1086 2045 1191 2112 fuerit
1213 2051 1380 2112 securata.

284 2204 360 2270 192.
383 2203 424 2267 In
446 2203 598 2268 dotalitio
614 2202 697 2268 bora
710 2204 828 2267 mariti
837 2205 939 2288 prius
954 2211 1029 2267 suut
1043 2201 1267 2280 venundanda,
1284 2222 1381 2285 quom

178 2307 307 2372 umoris
332 2307 551 2376 Similiter
582 2307 825 2375 discussum
860 2311 945 2374 est:
977 2304 1014 2373 Si
1047 2305 1101 2372 vir
1131 2308 1167 2372 et
1195 2305 1313 2372 mulier
1347 2303 1382 2372 in

180 2415 359 2479 contractu
381 2412 584 2478 matrimonii
605 2431 662 2480 res
684 2411 868 2478 immobiles
891 2412 945 2478 vel
968 2411 1120 2476 absolute
1142 2409 1199 2476 vel
1221 2411 1283 2475 sub
1306 2426 1381 2474 con·

180 2516 311 2583 ditione
334 2516 422 2583 dotis
446 2517 654 2584 adinvicem
678 2521 904 2598 comportent:
932 2515 984 2581 vir
1007 2520 1148 2599 urgente
1176 2513 1382 2580 necessitate

180 2620 276 2703 prius
292 2623 379 2688 bona
395 2621 531 2704 propria
546 2640 644 2702 quam
658 2622 772 2688 uxoris
795 2623 883 2688 bona
898 2621 932 2686 in
948 2620 1104 2686 denarios
1120 2621 1221 2685 debet
1244 2635 1382 2684 conver·
1451 2641 1453 2646 ·

180 2731 266 2809 tere,
286 2727 385 2808 pleno
404 2727 490 2810 jure.
512 2725 614 2792 Sexui
635 2726 722 2792 enim
738 2724 891 2792 muliebri
907 2725 997 2791 circe
1012 2722 1198 2809 hujusmodi
1213 2727 1383 2800 tamquam

180 2827 350 2914 fragiliori
364 2829 476 2912 potius
491 2838 545 2896 θεῖ
559 2829 816 2912 providendum,
831 2832 989 2896 bonorum
1005 2827 1106 2894 etiam
1119 2825 1296 2907 acquisitio
1309 2824 1382 2890 viro

182 2940 237 3001 est
259 2933 391 3002 facilior
414 2953 511 3015 quam
534 2934 682 3017 mulieri;
708 2939 744 3001 et
766 2934 915 3016 insuper,
937 2933 1063 3002 victum
1086 2932 1236 2998 ostiatim
1258 2930 1382 2997 mendi·
1502 2939 1503 2944 ’

183 3039 291 3105 cando
304 3054 466 3118 quaerere
479 3037 609 3104 mulieri
621 3039 843 3104 verecundius
859 3042 912 3106 θεῖ
928 3044 963 3105 θῖ
975 3038 1122 3122 gravius,
1134 3055 1230 3117 quam
1243 3036 1289 3102 sit
1301 3035 1383 3102 viro.

289 3193 362 3261 193.
399 3193 541 3277 Propter
573 3191 763 3257 dotalitium
795 3213 882 3257 umor
914 3215 977 3256 nou
1014 3203 1061 3256 eet
1098 3193 1230 3257 domina
1266 3213 1383 3260 rerum.

184 3298 242 3364 Ad
258 3297 655 3382 interrogationem
679 3299 943 3379 quorumdem
967 3297 1286 3364 sententiatum
1303 3302 1386 3364 est:

185 3401 284 3485 Quod
308 3401 418 3468 soluto
438 3403 613 3486 conjugum
629 3403 803 3483 utriusque
820 3402 982 3481 dotalitio,
997 3402 1146 3468 mulieris
1163 3401 1260 3468 amici
1276 3402 1384 3469 virum

184 3508 226 3572 de
246 3505 326 3588 jure
348 3521 415 3570 non
437 3511 579 3586 possunt
595 3511 719 3588 artare,
734 3509 823 3585 quod
839 3512 969 3589 caveat,
985 3523 1027 3572 ne
1044 3506 1233 3572 dotalitium
1249 3505 1385 3572 deficiat

185 3616 221 3676 et
242 3609 422 3676 minutim.
446 3609 511 3675 Est
533 3611 619 3676 enim
639 3611 775 3676 virtum
791 3611 941 3677 mulieris
957 3628 1053 3691 quam
1070 3609 1217 3676 dotalitii
1233 3611 1384 3676 domiuus

186 3723 222 3779 et
244 3718 367 3791 rector,
391 3718 510 3796 potens
534 3731 606 3779 cum
629 3713 702 3795 ipso
725 3716 910 3791 vendendo,
942 3716 1080 3781 emendo
1108 3731 1148 3780 uc
1171 3714 1276 3780 modis
1300 3713 1385 3798 aliis,

188 3815 309 3896 quibus
332 3834 431 3883 casus
454 3816 587 3882 fortuiti
611 3823 690 3882 sunt
712 3817 861 3899 admixti,
885 3818 949 3884 sibi
972 3823 1008 3883 et
1031 3817 1126 3883 uxori
1148 3817 1241 3884 vitae
1271 3834 1385 3883 neces-

187 3923 278 3988 saria
301 3921 509 4002 conquirere,
539 3921 627 3987 sicut
649 3921 771 4004 placet.
802 3923 928 3989 Tamen
959 3922 989 3988 si
1018 3920 1194 3987 manifeste
1226 3924 1385 3988 bonorum

188 4025 392 4106 dilapidator
423 4033 460 4091 et
493 4025 623 4090 inutilis
657 4028 712 4091 θεῖ
745 4030 969 4108 consumptor,
1002 4032 1083 4092 tunc
1117 4027 1161 4091 ad
1190 4025 1385 4106 petitionem

189 4127 338 4194 mulieris
370 4127 425 4196 vel
447 4129 627 4194 amicorum
655 4130 736 4212 ejus,
763 4129 879 4213 jurati,
910 4147 1047 4210 quorum
1078 4127 1223 4196 interest
1253 4127 1386 4195 inutilia

191 4233 368 4315 corrigere,
390 4236 530 4313 possunt
552 4233 654 4297 talem
679 4231 846 4298 defectum
870 4233 1072 4316 intercipere
1096 4239 1131 4299 et
1154 4233 1261 4298 virum
1285 4249 1388 4313 super

191 4351 228 4401 eo
253 4334 431 4418 corripere,
455 4334 543 4401 sicut
565 4336 713 4402 viderint
735 4337 904 4418 expedire.
