3275 5009
680 345 848 396 Brunenses.
1306 344 1358 396 285

169 552 200 618 in
223 553 337 619 tritico
360 553 435 619 albo
458 559 493 619 ct
516 554 612 638 nigro
634 558 670 619 et
692 553 785 635 rullo,
808 555 850 618 ad
867 570 968 618 unum
984 552 1147 619 cumulum
1162 571 1222 620 seu
1238 556 1356 633 capeto

169 657 339 738 compositi
350 657 795 740 fuerintpraesumptiooem
808 657 890 723 furti
901 659 990 740 apud
1003 657 1168 742 agricolas
1182 662 1356 741 generant.

268 778 433 845 Diversae
467 797 547 848 vero
583 781 695 846 claves
730 785 765 846 et
799 780 1031 859 instrumenta,
1067 779 1186 858 quibus
1217 783 1357 845 utuntur

164 880 263 966 iures
287 882 375 949 sicut
398 889 478 950 sunt
501 884 586 966 unci,
611 885 711 966 pedes
735 885 873 966 caprini,
889 883 1050 948 terebella
1066 901 1196 966 magna,
1210 882 1355 965 forcipes

165 993 197 1052 et
213 987 405 1070 consimilia,
422 987 449 1052 si
465 988 499 1052 in
515 987 664 1054 domibus
681 994 715 1052 et
732 1006 801 1054 com
808 987 909 1053 modis
925 987 1110 1067 aliquorum
1130 987 1356 1065 inveniuntur,

165 1092 462 1173 praesumptionem
485 1091 614 1158 faciunt
638 1094 672 1157 in
695 1092 867 1158 communi.

266 1217 319 1282 Ad
342 1215 429 1280 idem
453 1215 599 1295 pertinet
622 1214 713 1279 auris
736 1213 907 1294 abscissio,
922 1211 1023 1277 faciei
1039 1230 1112 1277 cum
1135 1212 1242 1294 ignito
1264 1212 1355 1279 ferro

162 1317 317 1402 signatio,
340 1319 477 1386 membri
501 1320 665 1385 mutilatio
689 1325 724 1384 et
748 1325 863 1384 cetera
885 1317 961 1384 alia.

265 1441 307 1506 It.
331 1441 371 1507 In
395 1442 540 1508 testibus
559 1443 863 1523 praesumptionem
877 1439 1006 1504 faciunt
1022 1439 1241 1521 depositionis
1257 1441 1357 1506 timor

162 1550 195 1608 et
217 1544 410 1626 trepidatio
434 1549 608 1610 verborum
633 1545 821 1626 cespitatio,
845 1545 1008 1609 dictorum
1032 1543 1263 1622 contradictio,
1291 1543 1356 1610 loci

159 1651 212 1714 vel
235 1650 398 1732 temporis
422 1650 562 1714 mutatio
586 1655 621 1715 et
642 1650 781 1715 aliarum
798 1650 1006 1714 diversarum
1023 1648 1356 1732 circumstantiarum,

160 1771 261 1834 super
285 1754 405 1834 quibus
430 1772 491 1835 per
514 1756 709 1836 prudentem
734 1753 965 1833 inquisitorem
996 1753 1094 1817 testis
1118 1753 1355 1835 interrogetur,

158 1859 317 1927 variatio.
502 1850 505 1858 ’
736 1931 739 1938 ,

267 1963 315 2028 Et
344 1963 454 2028 sicin
484 1963 626 2028 diversis
659 1961 830 2027 maleficiis
861 1979 921 2041 per
951 1959 1210 2042 interrogatoria
1241 1978 1354 2025 eorum

157 2065 368 2146 inquisitioni
398 2066 532 2148 proprie
555 2064 790 2144 deservientia,
823 2083 882 2145 per
913 2081 1068 2145 sagacem
1094 2063 1240 2146 judicem
1270 2063 1355 2129 facti

157 2171 288 2236 veritas
313 2172 438 2251 poterit
462 2169 626 2252 indagari.
727 2259 729 2264 ,

411 2393 659 2475 Capitulum
685 2391 848 2458 dxviii:
871 2391 929 2456 De
953 2391 1110 2456 usuris.

264 2543 336 2606 731.
369 2541 419 2604 Dc
449 2543 559 2603 usuris
590 2539 717 2624 quando
749 2538 905 2621 excedant
934 2549 1050 2601 sortem
1074 2548 1103 2601 ct
1127 2539 1253 2621 quaudo
1276 2561 1350 2619 raon,

156 2656 185 2709 ct
207 2656 321 2709 atreum
335 2646 479 2730 judocus
502 2653 587 2706 sorta
611 2654 640 2706 ot
663 2665 765 2705 usura
788 2644 926 2725 receptis
952 2645 1098 2726 piqaora
1128 2644 1196 2706 siue
1227 2656 1353 2705 coutra-

157 2751 300 2814 dictione
333 2751 503 2812 restituere
538 2758 692 2811 teneatur.
738 2746 880 2830 Quidam
913 2748 1162 2829 interrogantes
1197 2749 1276 2812 duos
1312 2750 1353 2813 de

156 2857 269 2923 usuris
280 2860 316 2921 et
329 2855 523 2938 pignoribus
539 2854 672 2937 judaeis
690 2853 846 2936 obligatis
864 2852 1072 2931 scripserunt
1088 2869 1196 2934 casus
1212 2869 1349 2932 quornm

157 2962 283 3042 primus
295 2969 350 3027 est
361 2961 441 3025 iste:
455 2957 594 3041 Quidam
607 2961 647 3024 de
664 2958 789 3022 nostris
806 2957 998 3022 concivibus
1015 2957 1178 3021 accedens
1191 2955 1349 3035 judaeum

156 3065 280 3146 petivit
302 3064 366 3130 sibi
390 3064 526 3129 concedi
549 3064 693 3142 quinque
712 3061 861 3126 fertones
878 3079 999 3144 gross.;
1015 3079 1097 3139 quos
1114 3078 1187 3124 cum
1204 3061 1346 3142 judaeus

156 3170 220 3236 sibi
243 3174 440 3244 mutuasset,
464 3167 665 3233 christianus
691 3166 846 3244 usquein
862 3166 999 3228 tertium
1016 3182 1137 3228 annum
1153 3164 1350 3230 solutionem

158 3275 368 3356 protrahens,
392 3277 514 3338 sortem
539 3271 762 3352 principalem,
787 3268 840 3334 cui
864 3268 1007 3347 quinque
1023 3267 1172 3332 fertones
1189 3269 1272 3333 alios
1291 3288 1347 3348 pro

156 3397 258 3445 usura
282 3376 521 3458 superaddidit,
541 3377 663 3457 ,judaeo
687 3374 885 3439 numeravit.
913 3371 1010 3436 Modo
1031 3371 1173 3451 judaeus
1197 3381 1289 3436 sorte
1313 3377 1348 3437 et

157 3502 261 3549 usura
275 3481 421 3562 receptis
439 3482 523 3562 petit
539 3499 598 3560 pro
616 3498 652 3544 se
669 3477 919 3544 sententialiter
936 3476 1065 3558 dictari,
1084 3482 1193 3542 utrum
1210 3477 1243 3541 in
1260 3478 1350 3542 dicta

157 3605 259 3653 usura
283 3588 404 3652 debeat
428 3584 641 3667 integraliter
669 3582 867 3663 contentari,
895 3600 967 3646 cum
994 3600 1101 3646 annus
1125 3590 1160 3645 et
1183 3584 1349 3646 secundus

158 3697 192 3754 et
214 3693 351 3771 insuper
374 3690 448 3770 plus
473 3688 631 3769 temporis
654 3687 853 3751 transiverit
879 3705 899 3749 a
922 3687 975 3749 die
1002 3686 1228 3750 concessionis
1259 3685 1350 3764 capi·

158 3795 235 3862 talis
269 3794 430 3877 pecuniae
462 3791 683 3872 supradictae.
719 3791 928 3854 Christianus
955 3796 1066 3854 autem
1090 3790 1123 3854 in
1147 3790 1348 3853 contrarium

87 3939 88 3942 =
158 3899 294 3982 allegat,
332 3917 405 3964 cum
440 3896 521 3962 illud
556 3902 688 3977 pactum
725 3894 814 3958 inter
844 3897 951 3973 ipsum
985 3902 1020 3958 et
1048 3893 1207 3974 Judaeum
1244 3893 1348 3973 primo

158 4009 304 4084 ternpore
329 4001 553 4069 concessionis
575 4003 617 4066 de
641 4018 743 4065 usura
763 4001 924 4066 solvenda
947 3999 992 4063 sit
1014 3998 1257 4078 interpositum,
1273 4015 1346 4062 cum

160 4108 259 4174 etiam
272 4113 389 4190 postea
402 4105 514 4172 debito
528 4107 695 4187 pendente
708 4122 885 4183 numquam
898 4122 955 4184 per
963 4104 1123 4186 judaeum
1135 4102 1180 4166 sit
1192 4101 1347 4183 monitus

160 4229 220 4278 nec
250 4213 361 4292 aliqua
391 4211 478 4276 ratio
508 4209 597 4302 inter
632 4210 722 4288 ipsos
758 4209 803 4273 sit
825 4208 955 4272 habita:
991 4213 1098 4272 utrum
1126 4224 1237 4288 usura,
1260 4224 1344 4284 quae

162 4319 319 4399 excrevit,
344 4334 500 4382 summam
526 4316 689 4380 excedere
714 4315 836 4378 debeat
859 4310 1097 4391 principalem?
