3275 5009
227 315 261 381 811
743 314 907 368 Sententiae

225 541 296 589 rem
330 523 567 590 commodatam
602 523 655 588 vel
690 523 875 606 depositam
914 522 1067 607 assignet
1103 524 1146 588 ad
1184 522 1421 603 reportandam

226 627 447 693 commodanti
469 628 524 694 uel
548 629 739 708 deponenti.

328 785 401 848 138.
427 782 668 867 Rea'piurihue
691 784 892 847 commodata
908 784 1045 867 perdita
1066 783 1253 868 perplures
1268 781 1419 848 solvetur.

226 888 368 972 Quidam
390 888 526 956 institor
549 908 622 955 cum
638 889 789 972 pluribus
804 889 1028 966 institoribus,
1045 887 1146 956 sociis
1162 888 1242 971 suis,
1257 885 1417 969 picarium

225 997 432 1076 argenteum,
454 998 491 1060 ut
514 1012 556 1060 ex
578 1012 616 1059 eo
639 993 804 1078 biberent,
836 994 1059 1060 concessisset
1083 999 1118 1059 et
1140 993 1226 1059 idem
1257 990 1417 1072 picarium

225 1096 274 1162 eis
297 1096 535 1163 solaniantibus
558 1097 715 1164 amissum
729 1097 866 1164 fuisset:
890 1115 1068 1164 concessor
1082 1097 1172 1180 ipsos
1189 1097 1232 1161 ad
1247 1095 1417 1162 consilium

219 1202 406 1285 iuratorum
428 1219 553 1267 vocans
576 1202 773 1268 solutionem
796 1201 914 1282 pinarii
936 1204 978 1268 ab
1003 1201 1052 1268 eis
1073 1201 1203 1284 petivit
1228 1199 1334 1283 Super
1352 1216 1416 1279 quo

219 1305 335 1392 jurati,
370 1325 442 1372 cum
477 1323 706 1372 concessorem
740 1309 775 1371 et
809 1305 918 1372 socios
952 1323 1039 1384 suos,
1074 1307 1130 1386 qui
1164 1310 1292 1388 septem
1319 1307 1418 1370 erant

223 1429 370 1493 numero,
397 1429 497 1492 super
527 1410 670 1477 dicenda
700 1409 857 1493 ueritate,
888 1409 967 1491 quid
1001 1411 1043 1476 de
1077 1409 1196 1492 pirarii
1230 1407 1418 1492 perditione

223 1520 394 1582 constaret
417 1514 604 1596 unicuique,
634 1513 763 1580 virtute
793 1514 976 1598 juramenti
1010 1515 1229 1598 corporaliter
1263 1511 1419 1597 praestiti

222 1619 454 1702 requisissent,
476 1623 511 1684 et
534 1616 675 1697 quilibet
697 1622 767 1684 tam
790 1635 836 1701 se,
859 1636 955 1697 quam
972 1617 1056 1685 alios
1078 1623 1264 1701 excusaret,
1286 1618 1418 1683 talem

223 1722 489 1790 sententiam
519 1723 824 1803 protulerunt:
857 1722 893 1789 si
923 1724 1015 1790 inter
1045 1725 1152 1790 bonae
1174 1722 1280 1791 famae
1303 1722 1415 1803 plures

221 1827 370 1894 homines
402 1829 558 1912 sedentes
588 1827 685 1894 simul
716 1845 906 1909 perunum
936 1847 996 1897 vas
1025 1827 1214 1910 expositum
1240 1825 1351 1908 suerit,
1378 1829 1417 1890 ut

221 1949 333 1998 omnes
352 1950 394 1997 ex
416 1949 454 1997 oo
477 1932 606 2014 bibant,
628 1936 663 1998 et
685 1934 822 1997 tandem
847 1931 931 1998 illud
958 1933 1165 1998 subtractum
1195 1936 1231 1997 11
1258 1929 1414 1996 amissum

221 2035 331 2115 fuerit,
369 2035 566 2119 singulique,
604 2041 674 2101 tam
710 2036 778 2114 ille,
812 2054 873 2103 vas
908 2035 965 2123 qui
1003 2035 1179 2118 concessit,
1216 2053 1314 2114 quam
1351 2033 1418 2118 alii,

221 2140 352 2206 divisim
376 2140 523 2223 adjmati
546 2146 578 2206 et
603 2140 804 2223 interrogati
818 2143 1053 2223 respondeant,
1069 2140 1156 2220 quod
1171 2145 1241 2206 tam
1257 2156 1303 2221 se,
1319 2157 1416 2219 quam

221 2245 304 2311 alios
316 2245 485 2310 consocios
500 2244 696 2310 innocentes
713 2246 853 2311 credant
863 2269 870 2311 :
881 2246 1109 2325 unusquisque
1121 2263 1213 2310 suam
1225 2243 1418 2325 pensionem

222 2350 419 2431 praestabit,
442 2351 529 2428 quod
554 2369 614 2416 vas
637 2350 792 2416 solvatur
814 2352 994 2416 secundum
1018 2369 1111 2416 suam
1137 2355 1259 2416 texam.

324 2516 397 2582 139.
423 2515 470 2577 De
493 2516 646 2580 conducto
670 2526 700 2579 et
724 2515 836 2580 locate.
868 2517 1054 2598 Inquilinus
1086 2519 1214 2583 domum
1244 2516 1300 2582 vel
1330 2533 1417 2581 oom-

220 2621 350 2685 modum
373 2619 408 2685 in
431 2622 526 2686 domo
547 2620 691 2702 hospitis
724 2623 935 2707 conveniens,
966 2623 994 2689 si
1025 2627 1104 2687 ante
1134 2620 1308 2687 terminum
1339 2637 1415 2686 con-

221 2722 388 2790 ventionis
411 2723 580 2805 propriam
603 2726 734 2791 domum
758 2727 885 2808 emerit,
908 2732 1047 2808 propter
1078 2726 1140 2790 hoc
1171 2724 1243 2790 sine
1274 2723 1416 2804 hospitis

219 2826 366 2910 licentia,
403 2827 467 2894 nisi
502 2847 603 2894 censu
635 2831 786 2911 plenarie
816 2830 995 2912 persoluto,
1019 2849 1039 2894 a
1063 2831 1229 2894 commodo
1252 2831 1416 2895 convento

219 2949 284 2996 non
308 2931 422 2997 exibit.
454 2932 500 2996 Et
531 2933 685 2999 similiter
716 2953 734 3001 e
763 2954 935 3018 converso,
965 2935 994 3000 si
1024 2936 1145 3017 hospes
1176 2935 1305 2999 domum
1335 2935 1415 2997 ante

219 3036 315 3101 finem
340 3037 570 3102 conventionis
594 3038 755 3104 commodi
777 3039 930 3119 inquilini
953 3038 1153 3121 vendiderit,
1187 3043 1324 3118 propter
1353 3037 1416 3102 hoc

218 3138 416 3218 inquilinum
439 3160 459 3206 a
483 3144 660 3224 commodo,
684 3145 772 3222 quod
796 3143 962 3226 convenit,
987 3144 1164 3209 excludere
1191 3160 1257 3208 non
1280 3140 1415 3208 valebit.

219 3242 345 3308 Tamen
368 3245 398 3309 si
420 3244 542 3325 hospes
565 3245 759 3325 inquilinum
790 3247 926 3314 laedere
956 3247 1100 3314 voluerit
1134 3250 1168 3312 11
1197 3246 1254 3312 ille
1284 3245 1349 3311 vim
1380 3243 1416 3312 vi

218 3346 410 3426 repellendo
434 3349 589 3414 vulneret
619 3350 793 3433 hospitem,
824 3349 950 3417 licitum
983 3357 1035 3416 est
1067 3350 1140 3434 sibi,
1172 3367 1244 3415 cum
1273 3347 1417 3414 nonsit

215 3455 352 3516 cautum
375 3450 524 3519 inimicos
548 3453 645 3518 simul
668 3454 831 3537 habitare,
855 3473 957 3521 censu
981 3474 1039 3536 pro
1063 3455 1119 3520 illo
1135 3459 1284 3535 tempore
1300 3451 1413 3518 debito

216 3554 325 3618 soluto
348 3556 392 3618 ad
414 3554 578 3636 hospitem
602 3556 702 3622 alium
725 3575 761 3622 se
784 3558 978 3624 transferre.

322 3657 409 3721 Item
431 3659 614 3724 conductor
637 3661 751 3726 domus
775 3679 896 3728 cavere
921 3664 1029 3744 debet,
1053 3681 1094 3727 ne
1111 3660 1248 3745 colligat
1263 3661 1414 3742 hospites

217 3758 411 3824 inhonestos
445 3767 480 3825 11
513 3769 704 3844 suspectos,
738 3765 884 3845 alioquin
919 3769 959 3832 de
991 3785 1154 3832 consensu
1188 3766 1347 3830 malorum
1379 3769 1414 3832 et

216 3862 363 3929 fautoria
387 3883 460 3928 cuni
482 3867 641 3933 maleficis
666 3869 835 3948 punietur.

321 3965 407 4032 Item
431 3975 549 4034 exusta
572 3969 716 4036 civitate
740 3972 960 4038 Oremsirensi
983 3992 1056 4038 cum
1078 3974 1200 4054 hospes
1223 3972 1356 4053 quidam
1373 3973 1416 4036 ad

216 4070 382 4152 hospitem
405 4075 519 4138 domus
543 4073 682 4138 alterius
705 4093 741 4139 se
766 4076 1007 4159 transtulisset,
1024 4081 1059 4142 et
1074 4075 1254 4156 inquilinus
1274 4081 1418 4157 peteret,

216 4177 305 4254 quod
326 4193 400 4242 eum
423 4194 534 4240 secum
550 4176 583 4241 in
601 4181 737 4244 eandem
757 4180 886 4246 domum
902 4181 1078 4265 reciperet,
1095 4179 1415 4247 sententiatum

215 4284 278 4364 est,
302 4282 389 4360 quod
413 4287 533 4346 exusta
557 4282 649 4346 domo
674 4284 848 4350 conductio
873 4291 907 4350 et
925 4285 1047 4351 locatio
1064 4287 1159 4351 finita
1176 4289 1260 4352 sunt.
1285 4284 1352 4350 Sed
1367 4305 1412 4352 an
