<?xml version="1.0" encoding="UTF-8"?>
<!DOCTYPE html PUBLIC "-//W3C//DTD XHTML 1.0 Transitional//EN"
    "http://www.w3.org/TR/xhtml1/DTD/xhtml1-transitional.dtd">
<html xmlns="http://www.w3.org/1999/xhtml" xml:lang="en" lang="en">
 <head>
  <title>
</title>
<meta http-equiv="Content-Type" content="text/html;charset=utf-8" />
  <meta name='ocr-system' content='tesseract 3.04.00' />
  <meta name='ocr-capabilities' content='ocr_page ocr_carea ocr_par ocr_line ocrx_word'/>
</head>
<body>
  <div class='ocr_page' id='page_1' title='image "./codexjurisbohem00unkngoog_0051.png"; bbox 0 0 3275 5009; ppageno 0'>
   <div class='ocr_carea' id='block_1_1' title="bbox 701 315 1382 372">
    <p class='ocr_par' dir='ltr' id='par_1_1' title="bbox 701 315 1382 372">
     <span class='ocr_line' id='line_1_1' title="bbox 701 315 1382 372; baseline 0.007 -6"><span class='ocrx_word' id='word_1_1' title='bbox 701 315 870 372; x_wconf 88' lang='lat' dir='ltr'>Branenses.</span> <span class='ocrx_word' id='word_1_2' title='bbox 1349 319 1382 371; x_wconf 81' lang='lat'>35</span> 
     </span>
    </p>
   </div>
   <div class='ocr_carea' id='block_1_2' title="bbox 125 520 1442 2274">
    <p class='ocr_par' dir='ltr' id='par_1_2' title="bbox 125 520 1442 2274">
     <span class='ocr_line' id='line_1_2' title="bbox 290 520 1383 606; baseline 0 -19"><span class='ocrx_word' id='word_1_3' title='bbox 290 524 342 589; x_wconf 84' lang='lat'>31.</span> <span class='ocrx_word' id='word_1_4' title='bbox 358 520 472 585; x_wconf 86' lang='lat' dir='ltr'>Utrum</span> <span class='ocrx_word' id='word_1_5' title='bbox 483 532 557 586; x_wconf 87' lang='lat' dir='ltr'>ante</span> <span class='ocrx_word' id='word_1_6' title='bbox 569 524 727 585; x_wconf 82' lang='lat' dir='ltr'>rationem</span> <span class='ocrx_word' id='word_1_7' title='bbox 739 521 884 585; x_wconf 73' lang='lat' dir='ltr'>tabitam</span> <span class='ocrx_word' id='word_1_8' title='bbox 897 522 935 587; x_wconf 83' lang='lat' dir='ltr'>dc</span> <span class='ocrx_word' id='word_1_9' title='bbox 949 521 1038 585; x_wconf 82' lang='lat' dir='ltr'>bonis</span> <span class='ocrx_word' id='word_1_10' title='bbox 1051 522 1177 585; x_wconf 83' lang='lat' dir='ltr'>domini</span> <span class='ocrx_word' id='word_1_11' title='bbox 1185 545 1246 606; x_wconf 83' lang='lat' dir='ltr'>per</span> <span class='ocrx_word' id='word_1_12' title='bbox 1257 546 1383 589; x_wconf 85' lang='lat' dir='ltr'>seruum</span> 
     </span>
     <span class='ocr_line' id='line_1_3' title="bbox 173 626 1379 713; baseline 0 -21"><span class='ocrx_word' id='word_1_13' title='bbox 173 629 348 713; x_wconf 73' lang='lat' dir='ltr'><strong><em>perceptis</em></strong></span> <span class='ocrx_word' id='word_1_14' title='bbox 361 637 391 690; x_wconf 89' lang='lat' dir='ltr'>et</span> <span class='ocrx_word' id='word_1_15' title='bbox 403 626 604 705; x_wconf 82' lang='lat' dir='ltr'>distributis,</span> <span class='ocrx_word' id='word_1_16' title='bbox 619 647 710 691; x_wconf 82' lang='lat' dir='ltr'>seruo</span> <span class='ocrx_word' id='word_1_17' title='bbox 726 635 837 711; x_wconf 76' lang='lat' dir='ltr'>aperite</span> <span class='ocrx_word' id='word_1_18' title='bbox 853 627 1000 690; x_wconf 82' lang='lat' dir='ltr'>daminus</span> <span class='ocrx_word' id='word_1_19' title='bbox 1016 627 1209 711; x_wconf 78' lang='lat' dir='ltr'>respondere</span> <span class='ocrx_word' id='word_1_20' title='bbox 1227 639 1379 691; x_wconf 80' lang='lat' dir='ltr'>teneatur.</span> 
     </span>
     <span class='ocr_line' id='line_1_4' title="bbox 180 730 1382 816; baseline 0 -17"><span class='ocrx_word' id='word_1_21' title='bbox 180 733 224 799; x_wconf 91' lang='lat' dir='ltr'>In</span> <span class='ocrx_word' id='word_1_22' title='bbox 248 732 310 799; x_wconf 91' lang='lat' dir='ltr'>hoc</span> <span class='ocrx_word' id='word_1_23' title='bbox 334 750 414 797; x_wconf 87' lang='lat' dir='ltr'>casa</span> <span class='ocrx_word' id='word_1_24' title='bbox 437 731 619 816; x_wconf 78' lang='lat' dir='ltr'>diligenter</span> <span class='ocrx_word' id='word_1_25' title='bbox 641 730 820 798; x_wconf 91' lang='lat' dir='ltr'>videndum</span> <span class='ocrx_word' id='word_1_26' title='bbox 844 737 905 812; x_wconf 87' lang='lat' dir='ltr'>est,</span> <span class='ocrx_word' id='word_1_27' title='bbox 936 736 1048 797; x_wconf 88' lang='lat' dir='ltr'>utram</span> <span class='ocrx_word' id='word_1_28' title='bbox 1079 750 1197 798; x_wconf 83' lang='lat' dir='ltr'>servus</span> <span class='ocrx_word' id='word_1_29' title='bbox 1229 732 1382 799; x_wconf 88' lang='lat' dir='ltr'>deductis</span> 
     </span>
     <span class='ocr_line' id='line_1_5' title="bbox 180 834 1383 920; baseline 0 -17"><span class='ocrx_word' id='word_1_30' title='bbox 180 838 280 903; x_wconf 91' lang='lat' dir='ltr'>bonis</span> <span class='ocrx_word' id='word_1_31' title='bbox 304 836 436 918; x_wconf 89' lang='lat' dir='ltr'>domini,</span> <span class='ocrx_word' id='word_1_32' title='bbox 457 854 532 901; x_wconf 91' lang='lat' dir='ltr'>cum</span> <span class='ocrx_word' id='word_1_33' title='bbox 555 834 674 915; x_wconf 87' lang='lat' dir='ltr'>quibus</span> <span class='ocrx_word' id='word_1_34' title='bbox 697 852 769 918; x_wconf 75' lang='lat' dir='ltr'>epus</span> <span class='ocrx_word' id='word_1_35' title='bbox 792 835 924 901; x_wconf 89' lang='lat' dir='ltr'>nomine</span> <span class='ocrx_word' id='word_1_36' title='bbox 948 835 1084 920; x_wconf 83' lang='lat' dir='ltr'>negotia</span> <span class='ocrx_word' id='word_1_37' title='bbox 1111 835 1227 919; x_wconf 84' lang='lat' dir='ltr'>gessit,</span> <span class='ocrx_word' id='word_1_38' title='bbox 1257 836 1383 919; x_wconf 90' lang='lat' dir='ltr'>aliquid</span> 
     </span>
     <span class='ocr_line' id='line_1_6' title="bbox 181 938 1421 1032; baseline 0.002 -25"><span class='ocrx_word' id='word_1_39' title='bbox 181 940 342 1007; x_wconf 87' lang='lat' dir='ltr'>habuerit</span> <span class='ocrx_word' id='word_1_40' title='bbox 354 939 490 1025; x_wconf 85' lang='lat' dir='ltr'>proprii,</span> <span class='ocrx_word' id='word_1_41' title='bbox 506 941 593 1021; x_wconf 89' lang='lat' dir='ltr'>qaod</span> <span class='ocrx_word' id='word_1_42' title='bbox 609 938 773 1020; x_wconf 90' lang='lat' dir='ltr'>peculiam</span> <span class='ocrx_word' id='word_1_43' title='bbox 790 939 989 1006; x_wconf 90' lang='lat' dir='ltr'>nominatur.</span> <span class='ocrx_word' id='word_1_44' title='bbox 1005 938 1051 1005; x_wconf 84' lang='lat' dir='ltr'>Et</span> <span class='ocrx_word' id='word_1_45' title='bbox 1068 939 1097 1006; x_wconf 89' lang='lat' dir='ltr'>si</span> <span class='ocrx_word' id='word_1_46' title='bbox 1114 939 1162 1006; x_wconf 90' lang='lat' dir='ltr'>sic</span> <span class='ocrx_word' id='word_1_47' title='bbox 1179 948 1383 1023; x_wconf 86' lang='lat' dir='ltr'>compertum</span> <span class='ocrx_word' id='word_1_48' title='bbox 1418 1027 1421 1032; x_wconf 28' lang='grc'><strong>,</strong></span> 
     </span>
     <span class='ocr_line' id='line_1_7' title="bbox 181 1042 1383 1129; baseline 0.001 -18"><span class='ocrx_word' id='word_1_49' title='bbox 181 1044 295 1127; x_wconf 83' lang='lat' dir='ltr'>fuerit,</span> <span class='ocrx_word' id='word_1_50' title='bbox 318 1049 400 1110; x_wconf 86' lang='lat' dir='ltr'>tunc</span> <span class='ocrx_word' id='word_1_51' title='bbox 423 1044 552 1127; x_wconf 90' lang='lat' dir='ltr'>solatis,</span> <span class='ocrx_word' id='word_1_52' title='bbox 574 1043 608 1108; x_wconf 90' lang='lat' dir='ltr'>in</span> <span class='ocrx_word' id='word_1_53' title='bbox 627 1042 747 1124; x_wconf 87' lang='lat' dir='ltr'>quibas</span> <span class='ocrx_word' id='word_1_54' title='bbox 764 1062 884 1110; x_wconf 88' lang='lat' dir='ltr'>servas</span> <span class='ocrx_word' id='word_1_55' title='bbox 900 1044 1030 1111; x_wconf 90' lang='lat' dir='ltr'>domino</span> <span class='ocrx_word' id='word_1_56' title='bbox 1047 1047 1235 1129; x_wconf 88' lang='lat' dir='ltr'>tenebatur,</span> <span class='ocrx_word' id='word_1_57' title='bbox 1252 1064 1383 1129; x_wconf 89' lang='lat' dir='ltr'>compu-</span> 
     </span>
     <span class='ocr_line' id='line_1_8' title="bbox 182 1148 1385 1233; baseline 0.002 -18"><span class='ocrx_word' id='word_1_58' title='bbox 182 1150 323 1216; x_wconf 91' lang='lat' dir='ltr'>tandum</span> <span class='ocrx_word' id='word_1_59' title='bbox 346 1155 407 1226; x_wconf 84' lang='lat' dir='ltr'>est,</span> <span class='ocrx_word' id='word_1_60' title='bbox 423 1153 584 1228; x_wconf 89' lang='lat' dir='ltr'>quantum</span> <span class='ocrx_word' id='word_1_61' title='bbox 606 1150 648 1215; x_wconf 91' lang='lat' dir='ltr'>de</span> <span class='ocrx_word' id='word_1_62' title='bbox 671 1148 801 1229; x_wconf 90' lang='lat' dir='ltr'>peculio</span> <span class='ocrx_word' id='word_1_63' title='bbox 825 1148 859 1213; x_wconf 89' lang='lat' dir='ltr'>in</span> <span class='ocrx_word' id='word_1_64' title='bbox 883 1166 952 1214; x_wconf 92' lang='lat' dir='ltr'>rem</span> <span class='ocrx_word' id='word_1_65' title='bbox 973 1148 1095 1215; x_wconf 88' lang='lat' dir='ltr'>domini</span> <span class='ocrx_word' id='word_1_66' title='bbox 1112 1168 1246 1216; x_wconf 88' lang='lat' dir='ltr'>versam</span> <span class='ocrx_word' id='word_1_67' title='bbox 1262 1150 1309 1216; x_wconf 89' lang='lat' dir='ltr'>sit</span> <span class='ocrx_word' id='word_1_68' title='bbox 1324 1170 1385 1233; x_wconf 89' lang='lat' dir='ltr'>per</span> 
     </span>
     <span class='ocr_line' id='line_1_9' title="bbox 183 1252 1383 1333; baseline 0.003 -14"><span class='ocrx_word' id='word_1_69' title='bbox 183 1270 319 1322; x_wconf 85' lang='lat' dir='ltr'>servum</span> <span class='ocrx_word' id='word_1_70' title='bbox 342 1270 403 1333; x_wconf 92' lang='lat' dir='ltr'>pro</span> <span class='ocrx_word' id='word_1_71' title='bbox 426 1270 481 1331; x_wconf 85' lang='lat' dir='ltr'>ec;</span> <span class='ocrx_word' id='word_1_72' title='bbox 512 1269 654 1331; x_wconf 89' lang='lat' dir='ltr'>namque</span> <span class='ocrx_word' id='word_1_73' title='bbox 684 1253 727 1316; x_wconf 89' lang='lat' dir='ltr'>ad</span> <span class='ocrx_word' id='word_1_74' title='bbox 758 1252 928 1331; x_wconf 89' lang='lat' dir='ltr'>querelam</span> <span class='ocrx_word' id='word_1_75' title='bbox 951 1252 1043 1320; x_wconf 83' lang='lat' dir='ltr'>servi</span> <span class='ocrx_word' id='word_1_76' title='bbox 1064 1252 1215 1320; x_wconf 88' lang='lat' dir='ltr'>dominns</span> <span class='ocrx_word' id='word_1_77' title='bbox 1238 1254 1383 1321; x_wconf 87' lang='lat' dir='ltr'>rationa-</span> 
     </span>
     <span class='ocr_line' id='line_1_10' title="bbox 181 1346 1380 1441; baseline 0.003 -19"><span class='ocrx_word' id='word_1_78' title='bbox 181 1346 299 1423; x_wconf 89' lang='lat' dir='ltr'>biliter</span> <span class='ocrx_word' id='word_1_79' title='bbox 321 1354 546 1437; x_wconf 80' lang='lat' dir='ltr'><strong>respondebit.</strong></span> <span class='ocrx_word' id='word_1_80' title='bbox 569 1354 779 1441; x_wconf 86' lang='lat' dir='ltr'>Intelligitur</span> <span class='ocrx_word' id='word_1_81' title='bbox 801 1362 913 1423; x_wconf 88' lang='lat' dir='ltr'>autem</span> <span class='ocrx_word' id='word_1_82' title='bbox 932 1357 985 1439; x_wconf 91' lang='lat' dir='ltr'>,in</span> <span class='ocrx_word' id='word_1_83' title='bbox 1002 1374 1072 1423; x_wconf 90' lang='lat' dir='ltr'>rem</span> <span class='ocrx_word' id='word_1_84' title='bbox 1088 1358 1212 1424; x_wconf 91' lang='lat' dir='ltr'>domini</span> <span class='ocrx_word' id='word_1_85' title='bbox 1227 1362 1380 1426; x_wconf 87' lang='lat' dir='ltr'>versum“</span> 
     </span>
     <span class='ocr_line' id='line_1_11' title="bbox 182 1459 1384 1547; baseline 0.002 -19"><span class='ocrx_word' id='word_1_86' title='bbox 182 1479 250 1528; x_wconf 89' lang='lat' dir='ltr'>non</span> <span class='ocrx_word' id='word_1_87' title='bbox 265 1462 380 1544; x_wconf 90' lang='lat' dir='ltr'>solam,</span> <span class='ocrx_word' id='word_1_88' title='bbox 395 1462 483 1541; x_wconf 90' lang='lat' dir='ltr'>qnod</span> <span class='ocrx_word' id='word_1_89' title='bbox 499 1462 679 1527; x_wconf 87' lang='lat' dir='ltr'>secundum</span> <span class='ocrx_word' id='word_1_90' title='bbox 696 1461 768 1544; x_wconf 82' lang='lat' dir='ltr'>ejas</span> <span class='ocrx_word' id='word_1_91' title='bbox 789 1459 994 1527; x_wconf 87' lang='lat' dir='ltr'>volantatem</span> <span class='ocrx_word' id='word_1_92' title='bbox 1013 1460 1048 1525; x_wconf 92' lang='lat' dir='ltr'>in</span> <span class='ocrx_word' id='word_1_93' title='bbox 1063 1463 1222 1544; x_wconf 80' lang='lat' dir='ltr'>gerendis</span> <span class='ocrx_word' id='word_1_94' title='bbox 1237 1464 1384 1547; x_wconf 82' lang='lat' dir='ltr'>negotiis</span> 
     </span>
     <span class='ocr_line' id='line_1_12' title="bbox 184 1563 1383 1658; baseline 0.002 -26"><span class='ocrx_word' id='word_1_95' title='bbox 184 1584 304 1633; x_wconf 86' lang='lat' dir='ltr'>servus</span> <span class='ocrx_word' id='word_1_96' title='bbox 327 1564 496 1648; x_wconf 81' lang='lat' dir='ltr'>expendit,</span> <span class='ocrx_word' id='word_1_97' title='bbox 518 1565 582 1631; x_wconf 89' lang='lat' dir='ltr'>imo</span> <span class='ocrx_word' id='word_1_98' title='bbox 606 1565 716 1646; x_wconf 89' lang='lat' dir='ltr'>etiam,</span> <span class='ocrx_word' id='word_1_99' title='bbox 747 1566 833 1646; x_wconf 88' lang='lat' dir='ltr'>quod</span> <span class='ocrx_word' id='word_1_100' title='bbox 861 1563 1017 1631; x_wconf 82' lang='lat' dir='ltr'>fortassis</span> <span class='ocrx_word' id='word_1_101' title='bbox 1047 1566 1224 1649; x_wconf 80' lang='lat' dir='ltr'>ignorante</span> <span class='ocrx_word' id='word_1_102' title='bbox 1253 1567 1383 1658; x_wconf 84' lang='lat' dir='ltr'>domino</span> 
     </span>
     <span class='ocr_line' id='line_1_13' title="bbox 183 1668 1384 1760; baseline -0.002 -22"><span class='ocrx_word' id='word_1_103' title='bbox 183 1690 303 1760; x_wconf 84' lang='lat' dir='ltr'>servus</span> <span class='ocrx_word' id='word_1_104' title='bbox 319 1669 354 1736; x_wconf 92' lang='lat' dir='ltr'>in</span> <span class='ocrx_word' id='word_1_105' title='bbox 369 1673 470 1740; x_wconf 89' lang='lat' dir='ltr'>rebus</span> <span class='ocrx_word' id='word_1_106' title='bbox 484 1670 557 1754; x_wconf 89' lang='lat' dir='ltr'>ejus</span> <span class='ocrx_word' id='word_1_107' title='bbox 573 1668 784 1735; x_wconf 80' lang='lat' dir='ltr'>neccessario</span> <span class='ocrx_word' id='word_1_108' title='bbox 800 1668 1016 1751; x_wconf 87' lang='lat' dir='ltr'>impenderit;</span> <span class='ocrx_word' id='word_1_109' title='bbox 1039 1670 1147 1736; x_wconf 90' lang='lat' dir='ltr'>veluti</span> <span class='ocrx_word' id='word_1_110' title='bbox 1168 1671 1199 1737; x_wconf 86' lang='lat' dir='ltr'>si</span> <span class='ocrx_word' id='word_1_111' title='bbox 1214 1676 1384 1738; x_wconf 88' lang='lat' dir='ltr'>mutuatus</span> 
     </span>
     <span class='ocr_line' id='line_1_14' title="bbox 184 1766 1384 1856; baseline 0.001 -16"><span class='ocrx_word' id='word_1_112' title='bbox 184 1766 359 1856; x_wconf 85' lang='lat' dir='ltr'>pecuniam</span> <span class='ocrx_word' id='word_1_113' title='bbox 381 1775 456 1856; x_wconf 87' lang='lat' dir='ltr'>ejus</span> <span class='ocrx_word' id='word_1_114' title='bbox 479 1772 704 1839; x_wconf 87' lang='lat' dir='ltr'>creditoribus</span> <span class='ocrx_word' id='word_1_115' title='bbox 728 1790 800 1837; x_wconf 89' lang='lat' dir='ltr'>eam</span> <span class='ocrx_word' id='word_1_116' title='bbox 824 1771 972 1855; x_wconf 85' lang='lat' dir='ltr'>solverit,</span> <span class='ocrx_word' id='word_1_117' title='bbox 996 1778 1055 1838; x_wconf 89' lang='lat' dir='ltr'>aut</span> <span class='ocrx_word' id='word_1_118' title='bbox 1078 1773 1231 1841; x_wconf 87' lang='lat' dir='ltr'>aedificia</span> <span class='ocrx_word' id='word_1_119' title='bbox 1252 1776 1384 1842; x_wconf 89' lang='lat' dir='ltr'>ruentia</span> 
     </span>
     <span class='ocr_line' id='line_1_15' title="bbox 182 1875 1383 1960; baseline 0.001 -17"><span class='ocrx_word' id='word_1_120' title='bbox 182 1877 324 1960; x_wconf 84' lang='lat' dir='ltr'>fulserit,</span> <span class='ocrx_word' id='word_1_121' title='bbox 348 1883 408 1945; x_wconf 88' lang='lat' dir='ltr'>aot</span> <span class='ocrx_word' id='word_1_122' title='bbox 429 1876 577 1944; x_wconf 84' lang='lat' dir='ltr'>familiae</span> <span class='ocrx_word' id='word_1_123' title='bbox 599 1875 799 1943; x_wconf 85' lang='lat' dir='ltr'>frumentum</span> <span class='ocrx_word' id='word_1_124' title='bbox 824 1876 951 1957; x_wconf 86' lang='lat' dir='ltr'>emerit,</span> <span class='ocrx_word' id='word_1_125' title='bbox 975 1877 1030 1942; x_wconf 89' lang='lat' dir='ltr'>vel</span> <span class='ocrx_word' id='word_1_126' title='bbox 1050 1877 1151 1945; x_wconf 89' lang='lat' dir='ltr'>etiam</span> <span class='ocrx_word' id='word_1_127' title='bbox 1174 1877 1311 1945; x_wconf 87' lang='lat' dir='ltr'>fandum</span> <span class='ocrx_word' id='word_1_128' title='bbox 1328 1882 1383 1946; x_wconf 92' lang='lat' dir='ltr'>vel</span> 
     </span>
     <span class='ocr_line' id='line_1_16' title="bbox 125 1980 1442 2064; baseline -0.002 -11"><span class='ocrx_word' id='word_1_129' title='bbox 125 2048 129 2053; x_wconf 88' lang='lat'><em>.</em></span> <span class='ocrx_word' id='word_1_130' title='bbox 184 1982 366 2064; x_wconf 84' lang='lat' dir='ltr'>quamlibet</span> <span class='ocrx_word' id='word_1_131' title='bbox 405 1982 505 2047; x_wconf 91' lang='lat' dir='ltr'>aliam</span> <span class='ocrx_word' id='word_1_132' title='bbox 544 1999 614 2046; x_wconf 90' lang='lat' dir='ltr'>rem</span> <span class='ocrx_word' id='word_1_133' title='bbox 652 1980 940 2063; x_wconf 84' lang='lat' dir='ltr'>pernecessariam</span> <span class='ocrx_word' id='word_1_134' title='bbox 978 1987 1144 2047; x_wconf 89' lang='lat' dir='ltr'>mercatus</span> <span class='ocrx_word' id='word_1_135' title='bbox 1182 1986 1243 2057; x_wconf 51' lang='lat' dir='ltr'>est,</span> <span class='ocrx_word' id='word_1_136' title='bbox 1287 1982 1382 2051; x_wconf 87' lang='lat' dir='ltr'>Haec</span> <span class='ocrx_word' id='word_1_137' title='bbox 1440 1986 1442 1991; x_wconf 80' lang='grc'>’</span> 
     </span>
     <span class='ocr_line' id='line_1_17' title="bbox 184 2084 1384 2169; baseline 0.001 -16"><span class='ocrx_word' id='word_1_138' title='bbox 184 2087 308 2153; x_wconf 87' lang='lat' dir='ltr'>etenim</span> <span class='ocrx_word' id='word_1_139' title='bbox 324 2091 359 2151; x_wconf 90' lang='lat' dir='ltr'>et</span> <span class='ocrx_word' id='word_1_140' title='bbox 375 2086 440 2152; x_wconf 91' lang='lat' dir='ltr'>hiis</span> <span class='ocrx_word' id='word_1_141' title='bbox 457 2084 578 2151; x_wconf 87' lang='lat' dir='ltr'>similia</span> <span class='ocrx_word' id='word_1_142' title='bbox 593 2103 654 2167; x_wconf 92' lang='lat' dir='ltr'>per</span> <span class='ocrx_word' id='word_1_143' title='bbox 676 2103 810 2151; x_wconf 89' lang='lat' dir='ltr'>servum</span> <span class='ocrx_word' id='word_1_144' title='bbox 834 2086 943 2151; x_wconf 89' lang='lat' dir='ltr'>lucide</span> <span class='ocrx_word' id='word_1_145' title='bbox 966 2088 1118 2169; x_wconf 91' lang='lat' dir='ltr'>probata,</span> <span class='ocrx_word' id='word_1_146' title='bbox 1143 2086 1292 2153; x_wconf 89' lang='lat' dir='ltr'>dominus</span> <span class='ocrx_word' id='word_1_147' title='bbox 1319 2088 1384 2154; x_wconf 89' lang='lat' dir='ltr'>sibi</span> 
     </span>
     <span class='ocr_line' id='line_1_18' title="bbox 185 2187 1018 2274; baseline -0.001 -18"><span class='ocrx_word' id='word_1_148' title='bbox 185 2190 401 2274; x_wconf 85' lang='lat' dir='ltr'>integraliter</span> <span class='ocrx_word' id='word_1_149' title='bbox 423 2188 590 2256; x_wconf 88' lang='lat' dir='ltr'>resarcire</span> <span class='ocrx_word' id='word_1_150' title='bbox 612 2187 793 2273; x_wconf 87' lang='lat' dir='ltr'>tenebitur,</span> <span class='ocrx_word' id='word_1_151' title='bbox 817 2190 915 2272; x_wconf 93' lang='lat' dir='ltr'>pleno</span> <span class='ocrx_word' id='word_1_152' title='bbox 937 2191 1018 2257; x_wconf 89' lang='lat' dir='ltr'>iure.</span> 
     </span>
    </p>
   </div>
   <div class='ocr_carea' id='block_1_3' title="bbox 180 2324 1385 2829">
    <p class='ocr_par' dir='ltr' id='par_1_3' title="bbox 180 2324 1385 2829">
     <span class='ocr_line' id='line_1_19' title="bbox 290 2324 1383 2415; baseline 0.003 -24"><span class='ocrx_word' id='word_1_153' title='bbox 290 2330 341 2396; x_wconf 83' lang='lat'>32.</span> <span class='ocrx_word' id='word_1_154' title='bbox 364 2329 415 2391; x_wconf 83' lang='lat' dir='ltr'>De</span> <span class='ocrx_word' id='word_1_155' title='bbox 437 2329 561 2391; x_wconf 87' lang='lat' dir='ltr'>actione</span> <span class='ocrx_word' id='word_1_156' title='bbox 584 2338 615 2391; x_wconf 86' lang='lat' dir='ltr'>et</span> <span class='ocrx_word' id='word_1_157' title='bbox 636 2332 844 2412; x_wconf 77' lang='lat' dir='ltr'>responsione</span> <span class='ocrx_word' id='word_1_158' title='bbox 867 2324 1023 2393; x_wconf 79' lang='lat' dir='ltr'>nobilium</span> <span class='ocrx_word' id='word_1_159' title='bbox 1038 2332 1169 2415; x_wconf 79' lang='lat' dir='ltr'>judicio</span> <span class='ocrx_word' id='word_1_160' title='bbox 1186 2340 1290 2394; x_wconf 82' lang='lat' dir='ltr'>terrae</span> <span class='ocrx_word' id='word_1_161' title='bbox 1306 2330 1383 2395; x_wconf 72' lang='lat' dir='ltr'>srib-</span> 
     </span>
     <span class='ocr_line' id='line_1_20' title="bbox 180 2433 1384 2521; baseline 0.006 -23"><span class='ocrx_word' id='word_1_162' title='bbox 180 2438 349 2521; x_wconf 78' lang='lat' dir='ltr'>jactorum.</span> <span class='ocrx_word' id='word_1_163' title='bbox 372 2433 471 2499; x_wconf 84' lang='lat' dir='ltr'>Licet</span> <span class='ocrx_word' id='word_1_164' title='bbox 493 2433 623 2499; x_wconf 89' lang='lat' dir='ltr'>nobiles</span> <span class='ocrx_word' id='word_1_165' title='bbox 646 2440 682 2499; x_wconf 90' lang='lat' dir='ltr'>et</span> <span class='ocrx_word' id='word_1_166' title='bbox 697 2451 864 2517; x_wconf 87' lang='lat' dir='ltr'>proceres,</span> <span class='ocrx_word' id='word_1_167' title='bbox 880 2434 964 2500; x_wconf 90' lang='lat' dir='ltr'>alias</span> <span class='ocrx_word' id='word_1_168' title='bbox 980 2435 1196 2519; x_wconf 73' lang='lat' dir='ltr'>wladikones</span> <span class='ocrx_word' id='word_1_169' title='bbox 1211 2436 1246 2509; x_wconf 89' lang='lat' dir='ltr'>in</span> <span class='ocrx_word' id='word_1_170' title='bbox 1258 2436 1384 2519; x_wconf 88' lang='lat' dir='ltr'>jndicio</span> 
     </span>
     <span class='ocr_line' id='line_1_21' title="bbox 186 2526 1385 2618; baseline 0.004 -14"><span class='ocrx_word' id='word_1_171' title='bbox 186 2540 294 2604; x_wconf 86' lang='lat' dir='ltr'>zadae</span> <span class='ocrx_word' id='word_1_172' title='bbox 309 2537 365 2604; x_wconf 86' lang='lat' dir='ltr'>vel</span> <span class='ocrx_word' id='word_1_173' title='bbox 380 2537 574 2618; x_wconf 90' lang='lat' dir='ltr'>provinciae</span> <span class='ocrx_word' id='word_1_174' title='bbox 590 2539 736 2604; x_wconf 89' lang='lat' dir='ltr'>debeant</span> <span class='ocrx_word' id='word_1_175' title='bbox 751 2538 940 2605; x_wconf 90' lang='lat' dir='ltr'>conveniri:</span> <span class='ocrx_word' id='word_1_176' title='bbox 963 2526 1074 2605; x_wconf 82' lang='lat' dir='ltr'>tamen</span> <span class='ocrx_word' id='word_1_177' title='bbox 1092 2540 1123 2606; x_wconf 90' lang='lat' dir='ltr'>si</span> <span class='ocrx_word' id='word_1_178' title='bbox 1138 2540 1173 2607; x_wconf 93' lang='lat' dir='ltr'>in</span> <span class='ocrx_word' id='word_1_179' title='bbox 1189 2540 1385 2609; x_wconf 88' lang='lat' dir='ltr'>civitatibus</span> 
     </span>
     <span class='ocr_line' id='line_1_22' title="bbox 185 2641 1384 2726; baseline 0.002 -17"><span class='ocrx_word' id='word_1_180' title='bbox 185 2642 393 2710; x_wconf 88' lang='lat' dir='ltr'>hereditates</span> <span class='ocrx_word' id='word_1_181' title='bbox 415 2642 563 2708; x_wconf 90' lang='lat' dir='ltr'>habeant</span> <span class='ocrx_word' id='word_1_182' title='bbox 585 2647 621 2708; x_wconf 92' lang='lat' dir='ltr'>et</span> <span class='ocrx_word' id='word_1_183' title='bbox 643 2644 739 2725; x_wconf 92' lang='lat' dir='ltr'>bona,</span> <span class='ocrx_word' id='word_1_184' title='bbox 771 2644 813 2707; x_wconf 89' lang='lat' dir='ltr'>de</span> <span class='ocrx_word' id='word_1_185' title='bbox 836 2641 903 2709; x_wconf 92' lang='lat' dir='ltr'>illis</span> <span class='ocrx_word' id='word_1_186' title='bbox 926 2648 1028 2725; x_wconf 84' lang='lat' dir='ltr'>agent</span> <span class='ocrx_word' id='word_1_187' title='bbox 1053 2648 1087 2710; x_wconf 92' lang='lat' dir='ltr'>et</span> <span class='ocrx_word' id='word_1_188' title='bbox 1110 2644 1261 2716; x_wconf 79' lang='lat' dir='ltr'>aliorum¹</span> <span class='ocrx_word' id='word_1_189' title='bbox 1274 2652 1384 2726; x_wconf 87' lang='lat' dir='ltr'>queri·</span> 
     </span>
     <span class='ocr_line' id='line_1_23' title="bbox 186 2744 968 2829; baseline 0.004 -17"><span class='ocrx_word' id='word_1_190' title='bbox 186 2746 303 2813; x_wconf 88' lang='lat' dir='ltr'>moniis</span> <span class='ocrx_word' id='word_1_191' title='bbox 326 2746 579 2827; x_wconf 85' lang='lat' dir='ltr'>respondebunt</span> <span class='ocrx_word' id='word_1_192' title='bbox 601 2744 782 2829; x_wconf 82' lang='lat' dir='ltr'>injudicio</span> <span class='ocrx_word' id='word_1_193' title='bbox 807 2745 968 2815; x_wconf 84' lang='lat' dir='ltr'>civitatis.</span> 
     </span>
    </p>
   </div>
   <div class='ocr_carea' id='block_1_4' title="bbox 184 2882 1390 3684">
    <p class='ocr_par' dir='ltr' id='par_1_4' title="bbox 184 2882 1390 3684">
     <span class='ocr_line' id='line_1_24' title="bbox 291 2882 1385 2972; baseline 0.002 -24"><span class='ocrx_word' id='word_1_194' title='bbox 291 2885 342 2951; x_wconf 80' lang='lat'>33.</span> <span class='ocrx_word' id='word_1_195' title='bbox 376 2882 416 2954; x_wconf 82' lang='lat' dir='ltr'>In</span> <span class='ocrx_word' id='word_1_196' title='bbox 450 2884 631 2972; x_wconf 78' lang='lat' dir='ltr'>actionibus</span> <span class='ocrx_word' id='word_1_197' title='bbox 667 2886 839 2947; x_wconf 82' lang='lat' dir='ltr'>criminum</span> <span class='ocrx_word' id='word_1_198' title='bbox 872 2895 902 2948; x_wconf 86' lang='lat' dir='ltr'>at</span> <span class='ocrx_word' id='word_1_199' title='bbox 934 2884 1164 2968; x_wconf 72' lang='lat' dir='ltr'>maleficiorum</span> <span class='ocrx_word' id='word_1_200' title='bbox 1192 2909 1317 2971; x_wconf 84' lang='lat' dir='ltr'>semper</span> <span class='ocrx_word' id='word_1_201' title='bbox 1338 2898 1385 2951; x_wconf 89' lang='lat' dir='ltr'>est</span> 
     </span>
     <span class='ocr_line' id='line_1_25' title="bbox 184 2988 1385 3075; baseline 0.008 -26"><span class='ocrx_word' id='word_1_202' title='bbox 184 2990 381 3073; x_wconf 79' lang='lat' dir='ltr'>protestatio</span> <span class='ocrx_word' id='word_1_203' title='bbox 414 2990 609 3055; x_wconf 78' lang='lat' dir='ltr'>necessaria.</span> <span class='ocrx_word' id='word_1_204' title='bbox 642 2988 677 3057; x_wconf 85' lang='lat' dir='ltr'>Si</span> <span class='ocrx_word' id='word_1_205' title='bbox 711 2989 825 3071; x_wconf 89' lang='lat' dir='ltr'>plnres</span> <span class='ocrx_word' id='word_1_206' title='bbox 859 2991 894 3056; x_wconf 92' lang='lat' dir='ltr'>in</span> <span class='ocrx_word' id='word_1_207' title='bbox 929 3008 1027 3056; x_wconf 86' lang='lat' dir='ltr'>unam</span> <span class='ocrx_word' id='word_1_208' title='bbox 1058 2997 1164 3075; x_wconf 84' lang='lat' dir='ltr'>agunt</span> <span class='ocrx_word' id='word_1_209' title='bbox 1193 3011 1253 3074; x_wconf 90' lang='lat' dir='ltr'>pro</span> <span class='ocrx_word' id='word_1_210' title='bbox 1284 3010 1385 3060; x_wconf 89' lang='lat' dir='ltr'>causa</span> 
     </span>
     <span class='ocr_line' id='line_1_26' title="bbox 187 3093 1385 3178; baseline 0.003 -17"><span class='ocrx_word' id='word_1_211' title='bbox 187 3094 359 3177; x_wconf 88' lang='lat' dir='ltr'>criminali,</span> <span class='ocrx_word' id='word_1_212' title='bbox 381 3098 418 3160; x_wconf 89' lang='lat' dir='ltr'>et</span> <span class='ocrx_word' id='word_1_213' title='bbox 439 3093 497 3161; x_wconf 90' lang='lat' dir='ltr'>ille</span> <span class='ocrx_word' id='word_1_214' title='bbox 520 3111 596 3159; x_wconf 90' lang='lat' dir='ltr'>sese</span> <span class='ocrx_word' id='word_1_215' title='bbox 619 3100 784 3178; x_wconf 81' lang='lat' dir='ltr'>expurgat</span> <span class='ocrx_word' id='word_1_216' title='bbox 812 3094 901 3161; x_wconf 87' lang='lat' dir='ltr'>siant</span> <span class='ocrx_word' id='word_1_217' title='bbox 923 3096 1029 3178; x_wconf 91' lang='lat' dir='ltr'>decet,</span> <span class='ocrx_word' id='word_1_218' title='bbox 1060 3103 1178 3177; x_wconf 89' lang='lat' dir='ltr'>postea</span> <span class='ocrx_word' id='word_1_219' title='bbox 1201 3114 1262 3177; x_wconf 88' lang='lat' dir='ltr'>per</span> <span class='ocrx_word' id='word_1_220' title='bbox 1285 3115 1385 3164; x_wconf 87' lang='lat' dir='ltr'>unum</span> 
     </span>
     <span class='ocr_line' id='line_1_27' title="bbox 186 3197 1384 3283; baseline 0.002 -18"><span class='ocrx_word' id='word_1_221' title='bbox 186 3217 300 3265; x_wconf 88' lang='lat' dir='ltr'>eorum</span> <span class='ocrx_word' id='word_1_222' title='bbox 331 3198 367 3264; x_wconf 90' lang='lat' dir='ltr'>in</span> <span class='ocrx_word' id='word_1_223' title='bbox 401 3200 517 3263; x_wconf 89' lang='lat' dir='ltr'>eadem</span> <span class='ocrx_word' id='word_1_224' title='bbox 551 3216 653 3264; x_wconf 91' lang='lat' dir='ltr'>causa</span> <span class='ocrx_word' id='word_1_225' title='bbox 686 3197 789 3264; x_wconf 89' lang='lat' dir='ltr'>fuerit</span> <span class='ocrx_word' id='word_1_226' title='bbox 824 3204 1020 3265; x_wconf 89' lang='lat' dir='ltr'>accusatus:</span> <span class='ocrx_word' id='word_1_227' title='bbox 1055 3218 1130 3265; x_wconf 90' lang='lat' dir='ltr'>cum</span> <span class='ocrx_word' id='word_1_228' title='bbox 1165 3205 1276 3267; x_wconf 90' lang='lat' dir='ltr'>tamen</span> <span class='ocrx_word' id='word_1_229' title='bbox 1310 3220 1384 3283; x_wconf 92' lang='lat' dir='ltr'>pro·</span> 
     </span>
     <span class='ocr_line' id='line_1_28' title="bbox 187 3301 1384 3386; baseline 0.004 -20"><span class='ocrx_word' id='word_1_230' title='bbox 187 3302 327 3370; x_wconf 88' lang='lat' dir='ltr'>testatio</span> <span class='ocrx_word' id='word_1_231' title='bbox 350 3304 392 3370; x_wconf 91' lang='lat' dir='ltr'>de</span> <span class='ocrx_word' id='word_1_232' title='bbox 415 3304 562 3368; x_wconf 86' lang='lat' dir='ltr'>secunda</span> <span class='ocrx_word' id='word_1_233' title='bbox 585 3302 791 3383; x_wconf 86' lang='lat' dir='ltr'>querimonia</span> <span class='ocrx_word' id='word_1_234' title='bbox 813 3322 880 3368; x_wconf 92' lang='lat' dir='ltr'>non</span> <span class='ocrx_word' id='word_1_235' title='bbox 904 3301 950 3367; x_wconf 90' lang='lat' dir='ltr'>sit</span> <span class='ocrx_word' id='word_1_236' title='bbox 973 3304 1065 3385; x_wconf 91' lang='lat' dir='ltr'>prius</span> <span class='ocrx_word' id='word_1_237' title='bbox 1082 3303 1292 3386; x_wconf 87' lang='lat' dir='ltr'>interposita,</span> <span class='ocrx_word' id='word_1_238' title='bbox 1307 3324 1384 3371; x_wconf 88' lang='lat' dir='ltr'>reus</span> 
     </span>
     <span class='ocr_line' id='line_1_29' title="bbox 186 3400 1390 3489; baseline 0.003 -16"><span class='ocrx_word' id='word_1_239' title='bbox 186 3400 391 3488; x_wconf 72' lang='lat' dir='ltr'>non&#39;poterit</span> <span class='ocrx_word' id='word_1_240' title='bbox 403 3406 583 3473; x_wconf 85' lang='lat' dir='ltr'>conveniri.</span> <span class='ocrx_word' id='word_1_241' title='bbox 601 3406 765 3473; x_wconf 89' lang='lat' dir='ltr'>Obmissio</span> <span class='ocrx_word' id='word_1_242' title='bbox 782 3412 895 3473; x_wconf 90' lang='lat' dir='ltr'>autem</span> <span class='ocrx_word' id='word_1_243' title='bbox 911 3407 1167 3489; x_wconf 85' lang='lat' dir='ltr'>protestationis</span> <span class='ocrx_word' id='word_1_244' title='bbox 1184 3409 1225 3475; x_wconf 93' lang='lat' dir='ltr'>de</span> <span class='ocrx_word' id='word_1_245' title='bbox 1238 3412 1390 3477; x_wconf 90' lang='lat' dir='ltr'>secunda·</span> 
     </span>
     <span class='ocr_line' id='line_1_30' title="bbox 187 3510 1385 3593; baseline 0.001 -15"><span class='ocrx_word' id='word_1_246' title='bbox 187 3510 391 3592; x_wconf 87' lang='lat' dir='ltr'>querimonia</span> <span class='ocrx_word' id='word_1_247' title='bbox 426 3511 460 3576; x_wconf 92' lang='lat' dir='ltr'>in</span> <span class='ocrx_word' id='word_1_248' title='bbox 495 3529 597 3578; x_wconf 89' lang='lat' dir='ltr'>caasa</span> <span class='ocrx_word' id='word_1_249' title='bbox 630 3511 723 3578; x_wconf 86' lang='lat' dir='ltr'>civili</span> <span class='ocrx_word' id='word_1_250' title='bbox 752 3511 908 3577; x_wconf 79' lang='lat' dir='ltr'>fortassis</span> <span class='ocrx_word' id='word_1_251' title='bbox 943 3512 1161 3593; x_wconf 87' lang='lat' dir='ltr'>sequentibus</span> <span class='ocrx_word' id='word_1_252' title='bbox 1196 3512 1385 3581; x_wconf 87' lang='lat' dir='ltr'>actionibus</span> 
     </span>
     <span class='ocr_line' id='line_1_31' title="bbox 186 3619 424 3684; baseline 0.013 -2"><span class='ocrx_word' id='word_1_253' title='bbox 186 3634 254 3683; x_wconf 91' lang='lat' dir='ltr'>non</span> <span class='ocrx_word' id='word_1_254' title='bbox 276 3619 424 3684; x_wconf 82' lang='lat' dir='ltr'>noceret.</span> 
     </span>
    </p>
   </div>
   <div class='ocr_carea' id='block_1_5' title="bbox 186 3754 1385 4452">
    <p class='ocr_par' dir='ltr' id='par_1_5' title="bbox 186 3754 1385 4364">
     <span class='ocr_line' id='line_1_32' title="bbox 291 3754 1385 3838; baseline 0.003 -21"><span class='ocrx_word' id='word_1_255' title='bbox 291 3754 343 3822; x_wconf 76' lang='lat'>34.</span> <span class='ocrx_word' id='word_1_256' title='bbox 380 3755 419 3817; x_wconf 88' lang='lat' dir='ltr'>In</span> <span class='ocrx_word' id='word_1_257' title='bbox 457 3754 639 3818; x_wconf 78' lang='lat' dir='ltr'>actionibus</span> <span class='ocrx_word' id='word_1_258' title='bbox 676 3756 847 3818; x_wconf 84' lang='lat' dir='ltr'>criminum</span> <span class='ocrx_word' id='word_1_259' title='bbox 880 3765 909 3819; x_wconf 86' lang='lat' dir='ltr'>et</span> <span class='ocrx_word' id='word_1_260' title='bbox 946 3754 1177 3838; x_wconf 74' lang='lat' dir='ltr'>maleficiorum</span> <span class='ocrx_word' id='word_1_261' title='bbox 1212 3757 1385 3821; x_wconf 82' lang='lat' dir='ltr'>uidendum</span> 
     </span>
     <span class='ocr_line' id='line_1_33' title="bbox 188 3858 1385 3946; baseline 0.002 -23"><span class='ocrx_word' id='word_1_262' title='bbox 188 3870 245 3942; x_wconf 89' lang='lat' dir='ltr'>est,</span> <span class='ocrx_word' id='word_1_263' title='bbox 270 3862 360 3944; x_wconf 82' lang='lat' dir='ltr'>cujas</span> <span class='ocrx_word' id='word_1_264' title='bbox 392 3858 504 3942; x_wconf 75' lang='lat' dir='ltr'>famae</span> <span class='ocrx_word' id='word_1_265' title='bbox 537 3860 581 3922; x_wconf 89' lang='lat' dir='ltr'>ait</span> <span class='ocrx_word' id='word_1_266' title='bbox 616 3870 707 3923; x_wconf 86' lang='lat' dir='ltr'>actor</span> <span class='ocrx_word' id='word_1_267' title='bbox 740 3869 769 3922; x_wconf 89' lang='lat' dir='ltr'>et</span> <span class='ocrx_word' id='word_1_268' title='bbox 801 3881 885 3946; x_wconf 84' lang='lat' dir='ltr'>reus,</span> <span class='ocrx_word' id='word_1_269' title='bbox 917 3869 947 3923; x_wconf 88' lang='lat' dir='ltr'>et</span> <span class='ocrx_word' id='word_1_270' title='bbox 981 3868 1090 3922; x_wconf 85' lang='lat' dir='ltr'>utrum</span> <span class='ocrx_word' id='word_1_271' title='bbox 1124 3870 1244 3945; x_wconf 73' lang='lat' dir='ltr'>apator</span> <span class='ocrx_word' id='word_1_272' title='bbox 1277 3862 1385 3925; x_wconf 82' lang='lat' dir='ltr'>auimo</span> 
     </span>
     <span class='ocr_line' id='line_1_34' title="bbox 186 3961 1385 4048; baseline 0.002 -21"><span class='ocrx_word' id='word_1_273' title='bbox 186 3961 445 4047; x_wconf 77' lang='lat' dir='ltr'>calumpniandi,</span> <span class='ocrx_word' id='word_1_274' title='bbox 469 3962 519 4027; x_wconf 88' lang='lat' dir='ltr'>oet</span> <span class='ocrx_word' id='word_1_275' title='bbox 541 3985 642 4027; x_wconf 87' lang='lat' dir='ltr'>causa</span> <span class='ocrx_word' id='word_1_276' title='bbox 665 3965 889 4048; x_wconf 81' lang='lat' dir='ltr'>inquisitionis</span> <span class='ocrx_word' id='word_1_277' title='bbox 913 3965 1063 4028; x_wconf 87' lang='lat' dir='ltr'>ueritatis</span> <span class='ocrx_word' id='word_1_278' title='bbox 1087 3973 1117 4027; x_wconf 90' lang='lat' dir='ltr'>et</span> <span class='ocrx_word' id='word_1_279' title='bbox 1140 3964 1385 4048; x_wconf 75' lang='lat' dir='ltr'>depredatione</span> 
     </span>
     <span class='ocr_line' id='line_1_35' title="bbox 187 4068 1384 4154; baseline 0.003 -24"><span class='ocrx_word' id='word_1_280' title='bbox 187 4076 218 4130; x_wconf 85' lang='lat' dir='ltr'>et</span> <span class='ocrx_word' id='word_1_281' title='bbox 246 4068 481 4153; x_wconf 72' lang='lat' dir='ltr'>superpatiens</span> <span class='ocrx_word' id='word_1_282' title='bbox 489 4091 502 4150; x_wconf 89' lang='lat'>,·</span> <span class='ocrx_word' id='word_1_283' title='bbox 533 4077 563 4133; x_wconf 84' lang='lat' dir='ltr'>st</span> <span class='ocrx_word' id='word_1_284' title='bbox 591 4078 699 4131; x_wconf 77' lang='lat' dir='ltr'>nstrum</span> <span class='ocrx_word' id='word_1_285' title='bbox 734 4078 828 4132; x_wconf 85' lang='lat' dir='ltr'>testes</span> <span class='ocrx_word' id='word_1_286' title='bbox 859 4071 894 4132; x_wconf 86' lang='lat' dir='ltr'>in</span> <span class='ocrx_word' id='word_1_287' title='bbox 916 4070 1063 4154; x_wconf 62' lang='lat' dir='ltr'>piscando</span> <span class='ocrx_word' id='word_1_288' title='bbox 1095 4069 1213 4134; x_wconf 82' lang='lat' dir='ltr'>cadant</span> <span class='ocrx_word' id='word_1_289' title='bbox 1240 4068 1289 4134; x_wconf 86' lang='lat' dir='ltr'>uel</span> <span class='ocrx_word' id='word_1_290' title='bbox 1318 4070 1384 4134; x_wconf 85' lang='lat' dir='ltr'>atio</span> 
     </span>
     <span class='ocr_line' id='line_1_36' title="bbox 187 4170 1383 4255; baseline 0.006 -23"><span class='ocrx_word' id='word_1_291' title='bbox 187 4172 280 4236; x_wconf 81' lang='lat' dir='ltr'>modo</span> <span class='ocrx_word' id='word_1_292' title='bbox 302 4170 464 4252; x_wconf 73' lang='lat' dir='ltr'>deficiant.</span> <span class='ocrx_word' id='word_1_293' title='bbox 488 4172 565 4255; x_wconf 83' lang='lat' dir='ltr'>quia</span> <span class='ocrx_word' id='word_1_294' title='bbox 588 4173 757 4238; x_wconf 83' lang='lat' dir='ltr'>secundum</span> <span class='ocrx_word' id='word_1_295' title='bbox 783 4173 867 4235; x_wconf 84' lang='lat' dir='ltr'>tatia</span> <span class='ocrx_word' id='word_1_296' title='bbox 890 4174 1038 4237; x_wconf 84' lang='lat' dir='ltr'>emendae</span> <span class='ocrx_word' id='word_1_297' title='bbox 1062 4182 1136 4235; x_wconf 89' lang='lat' dir='ltr'>sunt</span> <span class='ocrx_word' id='word_1_298' title='bbox 1159 4176 1383 4240; x_wconf 75' lang='lat' dir='ltr'>nrodsrnnrlne.</span> 
     </span>
     <span class='ocr_line' id='line_1_37' title="bbox 188 4275 1384 4364; baseline 0.003 -21"><span class='ocrx_word' id='word_1_299' title='bbox 188 4275 434 4359; x_wconf 85' lang='lat' dir='ltr'>Respondetnr,</span> <span class='ocrx_word' id='word_1_300' title='bbox 457 4279 544 4357; x_wconf 89' lang='lat' dir='ltr'>qnod</span> <span class='ocrx_word' id='word_1_301' title='bbox 569 4279 659 4344; x_wconf 90' lang='lat' dir='ltr'>circa</span> <span class='ocrx_word' id='word_1_302' title='bbox 682 4276 765 4344; x_wconf 88' lang='lat' dir='ltr'>talia</span> <span class='ocrx_word' id='word_1_303' title='bbox 785 4283 917 4345; x_wconf 91' lang='lat' dir='ltr'>matura</span> <span class='ocrx_word' id='word_1_304' title='bbox 940 4277 1138 4364; x_wconf 83' lang='lat' dir='ltr'>deliberatio</span> <span class='ocrx_word' id='word_1_305' title='bbox 1154 4286 1207 4345; x_wconf 89' lang='lat' dir='ltr'>est</span> <span class='ocrx_word' id='word_1_306' title='bbox 1223 4279 1384 4347; x_wconf 88' lang='lat' dir='ltr'>habenda.</span> 
     </span>
    </p>

    <p class='ocr_par' dir='ltr' id='par_1_6' title="bbox 1249 4402 1280 4452">
     <span class='ocr_line' id='line_1_38' title="bbox 1249 4402 1280 4452; baseline 0 -25"><span class='ocrx_word' id='word_1_307' title='bbox 1249 4402 1280 4452; x_wconf 81' lang='lat'>3*</span> 
     </span>
    </p>
   </div>
   <div class='ocr_carea' id='block_1_6' title="bbox 0 0 1647 5009">
    <p class='ocr_par' dir='ltr' id='par_1_7' title="bbox 0 0 1647 5009">
     <span class='ocr_line' id='line_1_39' title="bbox 0 0 1647 5009; baseline 0 0"><span class='ocrx_word' id='word_1_308' title='bbox 0 0 1647 5009; x_wconf 95' lang='lat' dir='ltr'> </span> 
     </span>
    </p>
   </div>
  </div>
 </body>
</html>
