3275 5009
665 337 834 392 Brunenses
1300 343 1351 395 105
1385 334 1388 338 '

140 548 327 612 conducto.
339 545 441 618 Setos
455 551 566 612 autom
578 549 640 629 est,
654 545 679 611 si
691 545 730 612 in
742 549 842 612 stuba
854 546 998 613 balneati
1010 552 1124 614 vestes
1137 550 1351 630 amittantnr3

139 651 188 718 ibi
215 653 311 718 enim
333 652 476 718 vestium
499 651 683 717 custodiam
708 650 885 718 balneator
914 652 1041 718 habere
1070 671 1136 718 non
1167 654 1352 721 consuevit.

254 756 294 822 Si
317 756 350 824 in
374 757 486 839 Praga
509 755 697 837 depositum
720 754 834 839 fuerit,
856 761 894 822 ut
917 757 951 822 in
975 757 1106 823 Vienna
1121 760 1292 831 reddatur,
1317 758 1351 825 id

140 857 261 926 actum
290 869 350 942 est,
374 865 411 926 ut
433 877 499 926 non
523 861 595 944 ejus
619 859 768 940 impensa
784 861 846 926 hoc
862 862 932 944 fiat,
947 865 1036 944 apud
1051 880 1147 942 quom
1163 863 1352 943 depositum

140 964 197 1046 sit,
224 966 291 1030 sed
317 965 397 1049 ojus,
422 965 478 1044 qui
502 964 666 1046 deposuit.

254 1069 456 1151 Depositum
479 1088 518 1136 eo
542 1069 613 1136 loco
636 1070 772 1136 restitui
795 1073 906 1154 debet,
929 1071 964 1137 in
988 1090 1051 1152 quo
1083 1071 1156 1137 sino
1180 1071 1254 1137 dolo
1279 1071 1352 1153 cius

140 1178 205 1253 est,
231 1176 325 1254 apud
349 1190 444 1253 quom
467 1174 652 1255 depositum
676 1179 745 1254 est3
767 1175 825 1240 ubi
849 1194 929 1241 vero
952 1176 1139 1257 depositum
1172 1182 1234 1257 est,
1268 1175 1352 1240 nihil

141 1277 308 1344 interest.

255 1381 549 1448 Eadem-dicenda
584 1388 663 1448 sunt
692 1382 912 1448 communiter
940 1387 975 1448 et
1005 1383 1040 1448 in
1070 1383 1221 1450 omnibus
1245 1387 1354 1449 bonae

141 1484 223 1552 fidei
247 1487 397 1570 judiciis.
463 1529 466 1534 -

255 1591 293 1656 Si
317 1591 488 1672 depositor
521 1591 707 1658 decesserit
739 1596 773 1656 et
805 1594 871 1680 duo
907 1590 1066 1674 existant,
1101 1592 1157 1671 qui
1190 1591 1280 1658 inter
1316 1610 1352 1657 se

143 1697 367 1777 contendant,
390 1713 475 1762 unus
499 1696 637 1776 quisque
673 1696 777 1762 solum
811 1713 847 1760 se
883 1697 1038 1761 heredem
1073 1696 1205 1763 dicens:
1240 1715 1294 1762 res
1322 1697 1354 1762 ei

142 1803 319 1882 tradatur,
343 1801 399 1880 qui
421 1809 560 1882 paratus
590 1805 643 1867 est
675 1803 839 1867 adversus
870 1799 1012 1865 alterum
1046 1818 1138 1866 reum
1173 1800 1353 1867 defendere

144 1889 403 1990 depositarium,
427 1907 476 1972 ita
500 1910 587 1985 quod
610 1906 675 1972 sibi
691 1907 751 1972 fiat
767 1906 879 1970 cautio
904 1904 1122 1971 defendendo.
1146 1906 1193 1972 Et
1208 1907 1270 1972 hoo
1286 1924 1353 1971 non

147 2017 201 2074 est
224 2027 484 2092 supervacuum,
515 2029 590 2077 nam
614 2011 738 2076 sisino
773 2007 929 2075 cautione
963 2014 1165 2092 praestaret,
1189 2030 1262 2076 oum
1283 2011 1353 2094 jam

146 2114 192 2178 sit
217 2117 263 2181 ab
289 2114 396 2180 altero
419 2119 508 2181 mota
531 2115 771 2196 controversia,
795 2115 869 2180 dolo
893 2113 1066 2179 videretur
1081 2113 1210 2196 iaceam
1226 2115 1280 2180 vel
1298 2132 1352 2179 res

147 2219 275 2300 deponi
297 2221 398 2285 debet
419 2221 454 2284 in
477 2222 561 2285 aede
592 2219 713 2298 aliqua,
746 2221 853 2285 donec
882 2219 924 2285 de
955 2219 1145 2285 hereditate
1174 2207 1362 2302 judicetur(

400 2443 647 2526 Capitulum
670 2443 773 2508 XIX:
797 2443 857 2508 De
879 2443 1106 2509 dotalitio.

257 2585 331 2650 185.
357 2583 439 2666 (Pr.)
461 2583 512 2644 Do
536 2581 688 2644 dotalitio
713 2582 745 2643 iu
767 2602 891 2666 penore.
916 2581 1170 2648 Diffinitum
1194 2586 1261 2647 est
1284 2582 1355 2647 viai

150 2687 284 2773 legis:
309 2688 344 2754 Si
367 2688 420 2755 vir
442 2689 554 2769 pueris
578 2705 697 2753 carens
721 2687 775 2752 vel
799 2705 921 2767 pueros
939 2688 1076 2768 habens,
1100 2686 1240 2768 mulleri,
1256 2705 1354 2766 quam

153 2793 256 2875 ducit,
280 2792 482 2860 nominatum
507 2791 695 2858 dotalitium
720 2791 897 2872 promittit,
930 2796 965 2857 et
995 2791 1114 2857 mulier
1144 2809 1162 2856 o
1193 2808 1354 2856 converso

153 2895 224 2964 viro
249 2917 312 2980 pro
335 2900 413 2962 dote
436 2896 562 2976 aliquid
586 2895 680 2975 certi,
704 2894 776 2960 sive
793 2895 839 2960 sit
854 2895 1005 2978 pecunia,
1021 2895 1093 2960 sive
1110 2895 1155 2960 sit
1171 2894 1353 2975 hereditas,

154 2998 186 3064 in
216 3021 310 3068 suam
340 3001 461 3066 tribuit
491 3003 708 3081 potestatem:
737 2999 816 3063 talis
849 2999 966 3065 mulier
995 3005 1071 3080 post
1101 3002 1240 3064 mortem
1276 2997 1352 3081 viri,

154 3104 183 3168 si
206 3123 328 3187 pueros
353 3103 488 3186 exejus
513 3102 639 3168 semine
662 3103 825 3186 genuerit,
856 3104 995 3184 ipseque
1037 3103 1108 3169 sine
1150 3105 1353 3167 testamento

155 3209 348 3291 decesserit,
371 3213 485 3274 ambas
520 3211 625 3289 dotes,
659 3213 693 3272 ct
727 3206 826 3289 illam,
861 3225 957 3287 quam
991 3207 1064 3288 ipsa
1094 3207 1214 3272 marito
1249 3205 1352 3286 dedit,

156 3316 328 3397 percipiet,
345 3313 610 3381 contradictione
627 3330 804 3392 puerorum
821 3312 933 3377 mariti
943 3311 1093 3391 qualibet
1108 3318 1173 3376 non
1186 3311 1352 3374 obstante.

261 3473 331 3537 185.
355 3471 443 3556 (Ba)
475 3469 524 3532 Dc
555 3467 709 3531 dotalitio
744 3470 872 3552 quando
900 3478 1012 3534 censat.
1050 3467 1190 3551 Quidam
1224 3464 1353 3543 quaesi·

160 3585 269 3644 erunt:
294 3578 413 3644 Utrum
437 3574 568 3641 mulieri
591 3591 712 3654 pueros
732 3572 873 3641 habenti
897 3591 970 3638 cum
994 3574 1112 3636 marito
1137 3587 1205 3651 suo,
1229 3572 1351 3635 debeat

160 3680 343 3748 dotalitium
367 3681 401 3746 in
424 3683 601 3745 contractu
623 3677 824 3743 matrimonii
851 3677 915 3742 sibi
931 3677 1128 3758 promissum
1143 3693 1243 3754 super
1259 3673 1353 3739 bonis

161 3789 193 3849 ot
213 3785 458 3852 hereditatibus
482 3783 646 3864 aliquibus
671 3784 853 3847 secundum
880 3780 1050 3864 justiciam
1080 3778 1275 3860 specialiter
1298 3779 1354 3842 de·

160 3890 278 3968 putari,
294 3890 351 3973 ita,
368 3891 454 3969 quod
470 3888 620 3970 maritus
636 3887 701 3952 nisi
719 3885 792 3967 ipsa
808 3884 1049 3966 consentiente,
1060 3885 1102 3949 de
1119 3883 1213 3948 bonis
1229 3882 1353 3948 eisdem

162 4007 222 4060 non
245 3993 351 4076 possit
375 3994 561 4075 disponere,
584 3991 740 4072 quicquid
764 4007 847 4054 suae
870 3988 1037 4069 placuerit
1057 3985 1249 4053 voluntati?
1274 3984 1354 4068 Qui

162 4097 413 4164 ditflnitive
448 4101 548 4162 sunt
578 4093 813 4161 instructi:
849 4093 945 4177 Quod
976 4098 1151 4173 postquam
1179 4089 1296 4154 mulier
1320 4089 1354 4153 in

163 4203 364 4270 matrimonio
386 4201 535 4284 legitimo
552 4219 593 4267 ex
609 4199 733 4264 somine
746 4197 811 4265 viri
824 4198 979 4280 genuerit
991 4214 1123 4278 pueros,
1140 4194 1196 4274 qui
1212 4193 1353 4257 heredes

164 4314 337 4374 vocantur:
361 4313 441 4371 tunc
463 4312 628 4371 mortuum
652 4307 706 4368 cst
729 4302 928 4382 dotalitium,
952 4307 987 4366 et
1014 4300 1153 4364 maritus
1184 4304 1353 4375 tamquam
