<?xml version="1.0" encoding="UTF-8"?>
<!DOCTYPE html PUBLIC "-//W3C//DTD XHTML 1.0 Transitional//EN"
    "http://www.w3.org/TR/xhtml1/DTD/xhtml1-transitional.dtd">
<html xmlns="http://www.w3.org/1999/xhtml" xml:lang="en" lang="en">
 <head>
  <title>
</title>
<meta http-equiv="Content-Type" content="text/html;charset=utf-8" />
  <meta name='ocr-system' content='tesseract 3.04.00' />
  <meta name='ocr-capabilities' content='ocr_page ocr_carea ocr_par ocr_line ocrx_word'/>
</head>
<body>
  <div class='ocr_page' id='page_1' title='image "./codexjurisbohem00unkngoog_0271.png"; bbox 0 0 3275 5009; ppageno 0'>
   <div class='ocr_carea' id='block_1_1' title="bbox 683 365 1370 418">
    <p class='ocr_par' dir='ltr' id='par_1_1' title="bbox 683 365 1370 418">
     <span class='ocr_line' id='line_1_1' title="bbox 683 365 1370 418; baseline -0.003 -1"><span class='ocrx_word' id='word_1_1' title='bbox 683 365 850 418; x_wconf 86' lang='lat' dir='ltr'>B-runenses.</span> <span class='ocrx_word' id='word_1_2' title='bbox 1318 365 1370 416; x_wconf 79' lang='lat'>255</span> 
     </span>
    </p>
   </div>
   <div class='ocr_carea' id='block_1_2' title="bbox 165 572 1372 1281">
    <p class='ocr_par' dir='ltr' id='par_1_2' title="bbox 165 572 1372 1281">
     <span class='ocr_line' id='line_1_2' title="bbox 273 572 1370 657; baseline -0.002 -18"><span class='ocrx_word' id='word_1_3' title='bbox 273 574 316 639; x_wconf 90' lang='lat' dir='ltr'>It.</span> <span class='ocrx_word' id='word_1_4' title='bbox 356 573 513 657; x_wconf 83' lang='lat' dir='ltr'>Intellige</span> <span class='ocrx_word' id='word_1_5' title='bbox 557 572 735 655; x_wconf 89' lang='lat' dir='ltr'>,imperari</span> <span class='ocrx_word' id='word_1_6' title='bbox 774 573 892 653; x_wconf 90' lang='lat' dir='ltr'>posse“</span> <span class='ocrx_word' id='word_1_7' title='bbox 932 573 1063 639; x_wconf 90' lang='lat' dir='ltr'>ratione</span> <span class='ocrx_word' id='word_1_8' title='bbox 1107 572 1238 655; x_wconf 87' lang='lat' dir='ltr'>patriae</span> <span class='ocrx_word' id='word_1_9' title='bbox 1278 576 1370 653; x_wconf 92' lang='lat' dir='ltr'>pote·</span> 
     </span>
     <span class='ocr_line' id='line_1_3' title="bbox 168 676 1368 762; baseline -0.001 -18"><span class='ocrx_word' id='word_1_10' title='bbox 168 680 271 746; x_wconf 86' lang='lat' dir='ltr'>statis</span> <span class='ocrx_word' id='word_1_11' title='bbox 309 680 364 745; x_wconf 90' lang='lat' dir='ltr'>vel</span> <span class='ocrx_word' id='word_1_12' title='bbox 401 681 594 762; x_wconf 81' lang='lat' dir='ltr'>dominicae,</span> <span class='ocrx_word' id='word_1_13' title='bbox 639 680 693 745; x_wconf 92' lang='lat' dir='ltr'>vel</span> <span class='ocrx_word' id='word_1_14' title='bbox 740 678 872 745; x_wconf 89' lang='lat' dir='ltr'>ratione</span> <span class='ocrx_word' id='word_1_15' title='bbox 914 678 1135 760; x_wconf 81' lang='lat' dir='ltr'>obedientiae,</span> <span class='ocrx_word' id='word_1_16' title='bbox 1180 678 1235 744; x_wconf 88' lang='lat' dir='ltr'>vel</span> <span class='ocrx_word' id='word_1_17' title='bbox 1270 676 1368 758; x_wconf 85' lang='lat' dir='ltr'>juris·</span> 
     </span>
     <span class='ocr_line' id='line_1_4' title="bbox 168 782 1372 865; baseline -0.004 -16"><span class='ocrx_word' id='word_1_18' title='bbox 168 782 335 864; x_wconf 89' lang='lat' dir='ltr'>dictionis,</span> <span class='ocrx_word' id='word_1_19' title='bbox 367 785 422 851; x_wconf 90' lang='lat' dir='ltr'>vel</span> <span class='ocrx_word' id='word_1_20' title='bbox 445 785 479 850; x_wconf 93' lang='lat' dir='ltr'>in</span> <span class='ocrx_word' id='word_1_21' title='bbox 513 802 616 850; x_wconf 89' lang='lat' dir='ltr'>causa</span> <span class='ocrx_word' id='word_1_22' title='bbox 649 782 785 865; x_wconf 84' lang='lat' dir='ltr'>propria</span> <span class='ocrx_word' id='word_1_23' title='bbox 819 782 1030 863; x_wconf 80' lang='lat' dir='ltr'>imperantis3</span> <span class='ocrx_word' id='word_1_24' title='bbox 1065 801 1131 849; x_wconf 89' lang='lat' dir='ltr'>uon</span> <span class='ocrx_word' id='word_1_25' title='bbox 1162 783 1232 849; x_wconf 88' lang='lat' dir='ltr'>sint</span> <span class='ocrx_word' id='word_1_26' title='bbox 1255 785 1372 863; x_wconf 89' lang='lat' dir='ltr'>testes,</span> 
     </span>
     <span class='ocr_line' id='line_1_5' title="bbox 171 886 1371 973; baseline -0.005 -18"><span class='ocrx_word' id='word_1_27' title='bbox 171 890 227 969; x_wconf 92' lang='lat' dir='ltr'>qni</span> <span class='ocrx_word' id='word_1_28' title='bbox 261 891 303 956; x_wconf 91' lang='lat' dir='ltr'>de</span> <span class='ocrx_word' id='word_1_29' title='bbox 334 889 568 973; x_wconf 89' lang='lat' dir='ltr'>jurisdictione</span> <span class='ocrx_word' id='word_1_30' title='bbox 601 890 656 954; x_wconf 89' lang='lat' dir='ltr'>vel</span> <span class='ocrx_word' id='word_1_31' title='bbox 687 891 728 954; x_wconf 90' lang='lat' dir='ltr'>de</span> <span class='ocrx_word' id='word_1_32' title='bbox 758 886 951 955; x_wconf 90' lang='lat' dir='ltr'>obedientia</span> <span class='ocrx_word' id='word_1_33' title='bbox 985 888 1039 954; x_wconf 88' lang='lat' dir='ltr'>vel</span> <span class='ocrx_word' id='word_1_34' title='bbox 1073 890 1242 968; x_wconf 78' lang='lat' dir='ltr'>potestate</span> <span class='ocrx_word' id='word_1_35' title='bbox 1278 886 1371 968; x_wconf 73' lang='lat' dir='ltr'>cuius</span> 
     </span>
     <span class='ocr_line' id='line_1_6' title="bbox 170 988 1371 1075; baseline -0.005 -16"><span class='ocrx_word' id='word_1_36' title='bbox 170 998 259 1075; x_wconf 90' lang='lat' dir='ltr'>sunt,</span> <span class='ocrx_word' id='word_1_37' title='bbox 297 995 357 1060; x_wconf 87' lang='lat' dir='ltr'>sed</span> <span class='ocrx_word' id='word_1_38' title='bbox 390 994 424 1061; x_wconf 95' lang='lat' dir='ltr'>in</span> <span class='ocrx_word' id='word_1_39' title='bbox 458 1012 560 1059; x_wconf 87' lang='lat' dir='ltr'>causa</span> <span class='ocrx_word' id='word_1_40' title='bbox 598 990 832 1059; x_wconf 88' lang='lat' dir='ltr'>universitatis</span> <span class='ocrx_word' id='word_1_41' title='bbox 848 1026 853 1035; x_wconf 95' lang='lat'><strong>·</strong></span> <span class='ocrx_word' id='word_1_42' title='bbox 870 995 1018 1073; x_wconf 88' lang='lat' dir='ltr'>possunt.</span> <span class='ocrx_word' id='word_1_43' title='bbox 1057 990 1102 1056; x_wconf 85' lang='lat' dir='ltr'>Et</span> <span class='ocrx_word' id='word_1_44' title='bbox 1139 991 1204 1057; x_wconf 84' lang='lat' dir='ltr'>hac</span> <span class='ocrx_word' id='word_1_45' title='bbox 1241 988 1371 1055; x_wconf 86' lang='lat' dir='ltr'>ratione</span> 
     </span>
     <span class='ocr_line' id='line_1_7' title="bbox 167 1092 1371 1180; baseline -0.004 -18"><span class='ocrx_word' id='word_1_46' title='bbox 167 1098 271 1180; x_wconf 83' lang='lat' dir='ltr'>judex</span> <span class='ocrx_word' id='word_1_47' title='bbox 313 1098 491 1179; x_wconf 84' lang='lat' dir='ltr'>imperabit</span> <span class='ocrx_word' id='word_1_48' title='bbox 528 1097 629 1163; x_wconf 89' lang='lat' dir='ltr'>alicui</span> <span class='ocrx_word' id='word_1_49' title='bbox 666 1099 709 1164; x_wconf 91' lang='lat' dir='ltr'>de</span> <span class='ocrx_word' id='word_1_50' title='bbox 746 1096 989 1176; x_wconf 80' lang='lat' dir='ltr'>communitate,</span> <span class='ocrx_word' id='word_1_51' title='bbox 1035 1100 1074 1161; x_wconf 93' lang='lat' dir='ltr'>ut</span> <span class='ocrx_word' id='word_1_52' title='bbox 1110 1094 1238 1161; x_wconf 88' lang='lat' dir='ltr'>faceret</span> <span class='ocrx_word' id='word_1_53' title='bbox 1275 1092 1371 1158; x_wconf 91' lang='lat' dir='ltr'>testi·</span> 
     </span>
     <span class='ocr_line' id='line_1_8' title="bbox 165 1200 669 1281; baseline 0.002 -16"><span class='ocrx_word' id='word_1_54' title='bbox 165 1202 313 1267; x_wconf 91' lang='lat' dir='ltr'>monium</span> <span class='ocrx_word' id='word_1_55' title='bbox 337 1220 397 1281; x_wconf 86' lang='lat' dir='ltr'>pro</span> <span class='ocrx_word' id='word_1_56' title='bbox 422 1200 669 1268; x_wconf 89' lang='lat' dir='ltr'>communitate.</span> 
     </span>
    </p>
   </div>
   <div class='ocr_carea' id='block_1_3' title="bbox 164 1328 1373 1920">
    <p class='ocr_par' dir='ltr' id='par_1_3' title="bbox 164 1328 1373 1920">
     <span class='ocr_line' id='line_1_9' title="bbox 273 1328 1371 1414; baseline -0.001 -18"><span class='ocrx_word' id='word_1_57' title='bbox 273 1330 308 1397; x_wconf 92' lang='lat' dir='ltr'>It</span> <span class='ocrx_word' id='word_1_58' title='bbox 339 1330 543 1414; x_wconf 66' lang='lat' dir='ltr'>[legatarius</span> <span class='ocrx_word' id='word_1_59' title='bbox 577 1335 690 1412; x_wconf 89' lang='lat' dir='ltr'>potest</span> <span class='ocrx_word' id='word_1_60' title='bbox 723 1348 799 1396; x_wconf 89' lang='lat' dir='ltr'>esse</span> <span class='ocrx_word' id='word_1_61' title='bbox 833 1329 934 1396; x_wconf 88' lang='lat' dir='ltr'>testis</span> <span class='ocrx_word' id='word_1_62' title='bbox 969 1328 1003 1395; x_wconf 96' lang='lat' dir='ltr'>in</span> <span class='ocrx_word' id='word_1_63' title='bbox 1034 1347 1136 1396; x_wconf 84' lang='lat' dir='ltr'>cauea</span> <span class='ocrx_word' id='word_1_64' title='bbox 1163 1330 1371 1413; x_wconf 88' lang='lat' dir='ltr'>testamenti,</span> 
     </span>
     <span class='ocr_line' id='line_1_10' title="bbox 166 1432 1373 1517; baseline 0.001 -17"><span class='ocrx_word' id='word_1_65' title='bbox 166 1436 248 1513; x_wconf 89' lang='lat' dir='ltr'>quia</span> <span class='ocrx_word' id='word_1_66' title='bbox 272 1453 339 1502; x_wconf 93' lang='lat' dir='ltr'>non</span> <span class='ocrx_word' id='word_1_67' title='bbox 364 1440 417 1501; x_wconf 89' lang='lat' dir='ltr'>est</span> <span class='ocrx_word' id='word_1_68' title='bbox 439 1454 502 1501; x_wconf 85' lang='lat' dir='ltr'>sua</span> <span class='ocrx_word' id='word_1_69' title='bbox 526 1435 766 1517; x_wconf 90' lang='lat' dir='ltr'>principaliter.</span> <span class='ocrx_word' id='word_1_70' title='bbox 801 1433 934 1499; x_wconf 83' lang='lat' dir='ltr'>Sedan</span> <span class='ocrx_word' id='word_1_71' title='bbox 965 1432 1121 1501; x_wconf 89' lang='lat' dir='ltr'>venditor</span> <span class='ocrx_word' id='word_1_72' title='bbox 1151 1438 1264 1515; x_wconf 88' lang='lat' dir='ltr'>potest</span> <span class='ocrx_word' id='word_1_73' title='bbox 1297 1452 1373 1501; x_wconf 90' lang='lat' dir='ltr'>esse</span> 
     </span>
     <span class='ocr_line' id='line_1_11' title="bbox 167 1537 1371 1621; baseline -0.001 -18"><span class='ocrx_word' id='word_1_74' title='bbox 167 1539 270 1605; x_wconf 90' lang='lat' dir='ltr'>testis</span> <span class='ocrx_word' id='word_1_75' title='bbox 293 1539 328 1606; x_wconf 92' lang='lat' dir='ltr'>in</span> <span class='ocrx_word' id='word_1_76' title='bbox 353 1558 456 1605; x_wconf 89' lang='lat' dir='ltr'>causa</span> <span class='ocrx_word' id='word_1_77' title='bbox 481 1538 658 1606; x_wconf 83' lang='lat' dir='ltr'>evictionis</span> <span class='ocrx_word' id='word_1_78' title='bbox 682 1557 741 1620; x_wconf 92' lang='lat' dir='ltr'>pro</span> <span class='ocrx_word' id='word_1_79' title='bbox 764 1544 925 1621; x_wconf 88' lang='lat' dir='ltr'>emptore,</span> <span class='ocrx_word' id='word_1_80' title='bbox 955 1537 1139 1618; x_wconf 90' lang='lat' dir='ltr'>quaeritur,</span> <span class='ocrx_word' id='word_1_81' title='bbox 1172 1542 1206 1604; x_wconf 90' lang='lat' dir='ltr'>et</span> <span class='ocrx_word' id='word_1_82' title='bbox 1237 1556 1371 1619; x_wconf 89' lang='lat' dir='ltr'>respon·</span> 
     </span>
     <span class='ocr_line' id='line_1_12' title="bbox 164 1642 1373 1726; baseline -0.001 -16"><span class='ocrx_word' id='word_1_83' title='bbox 164 1646 278 1726; x_wconf 89' lang='lat' dir='ltr'>detur,</span> <span class='ocrx_word' id='word_1_84' title='bbox 313 1646 401 1725; x_wconf 90' lang='lat' dir='ltr'>qnod</span> <span class='ocrx_word' id='word_1_85' title='bbox 434 1662 513 1726; x_wconf 91' lang='lat' dir='ltr'>non;</span> <span class='ocrx_word' id='word_1_86' title='bbox 556 1662 628 1710; x_wconf 93' lang='lat' dir='ltr'>cum</span> <span class='ocrx_word' id='word_1_87' title='bbox 656 1645 700 1709; x_wconf 89' lang='lat' dir='ltr'>ad</span> <span class='ocrx_word' id='word_1_88' title='bbox 730 1661 805 1709; x_wconf 89' lang='lat' dir='ltr'>eum</span> <span class='ocrx_word' id='word_1_89' title='bbox 838 1645 1040 1709; x_wconf 89' lang='lat' dir='ltr'>commodum</span> <span class='ocrx_word' id='word_1_90' title='bbox 1070 1648 1105 1708; x_wconf 91' lang='lat' dir='ltr'>et</span> <span class='ocrx_word' id='word_1_91' title='bbox 1136 1642 1373 1709; x_wconf 91' lang='lat' dir='ltr'>incommodum</span> 
     </span>
     <span class='ocr_line' id='line_1_13' title="bbox 170 1746 1373 1831; baseline -0.002 -16"><span class='ocrx_word' id='word_1_92' title='bbox 170 1748 344 1830; x_wconf 89' lang='lat' dir='ltr'>pertinere</span> <span class='ocrx_word' id='word_1_93' title='bbox 366 1749 508 1831; x_wconf 86' lang='lat' dir='ltr'>possint,</span> <span class='ocrx_word' id='word_1_94' title='bbox 540 1754 575 1815; x_wconf 90' lang='lat' dir='ltr'>et</span> <span class='ocrx_word' id='word_1_95' title='bbox 598 1748 686 1815; x_wconf 89' lang='lat' dir='ltr'>sicut</span> <span class='ocrx_word' id='word_1_96' title='bbox 708 1754 761 1815; x_wconf 89' lang='lat' dir='ltr'>est</span> <span class='ocrx_word' id='word_1_97' title='bbox 784 1767 846 1813; x_wconf 92' lang='lat' dir='ltr'>sua</span> <span class='ocrx_word' id='word_1_98' title='bbox 875 1766 984 1831; x_wconf 88' lang='lat' dir='ltr'>causa,</span> <span class='ocrx_word' id='word_1_99' title='bbox 1007 1747 1071 1814; x_wconf 86' lang='lat' dir='ltr'>nisi</span> <span class='ocrx_word' id='word_1_100' title='bbox 1102 1751 1191 1824; x_wconf 91' lang='lat' dir='ltr'>tunc,</span> <span class='ocrx_word' id='word_1_101' title='bbox 1222 1746 1277 1826; x_wconf 91' lang='lat' dir='ltr'>qui</span> <span class='ocrx_word' id='word_1_102' title='bbox 1307 1766 1373 1813; x_wconf 92' lang='lat' dir='ltr'>non</span> 
     </span>
     <span class='ocr_line' id='line_1_14' title="bbox 169 1853 1168 1920; baseline 0.001 -2"><span class='ocrx_word' id='word_1_103' title='bbox 169 1858 349 1920; x_wconf 86' lang='lat' dir='ltr'>teneretur</span> <span class='ocrx_word' id='word_1_104' title='bbox 371 1855 414 1920; x_wconf 94' lang='lat' dir='ltr'>de</span> <span class='ocrx_word' id='word_1_105' title='bbox 436 1853 612 1920; x_wconf 87' lang='lat' dir='ltr'>evictione.</span> <span class='ocrx_word' id='word_1_106' title='bbox 1166 1856 1168 1859; x_wconf 81' lang='grc'><strong>’</strong></span> 
     </span>
    </p>
   </div>
   <div class='ocr_carea' id='block_1_4' title="bbox 163 1982 1374 3424">
    <p class='ocr_par' dir='ltr' id='par_1_4' title="bbox 163 1982 1374 3424">
     <span class='ocr_line' id='line_1_15' title="bbox 276 1982 1370 2065; baseline 0.001 -17"><span class='ocrx_word' id='word_1_107' title='bbox 276 1983 318 2048; x_wconf 92' lang='lat' dir='ltr'>It.</span> <span class='ocrx_word' id='word_1_108' title='bbox 341 1982 452 2049; x_wconf 88' lang='lat' dir='ltr'>Nota</span> <span class='ocrx_word' id='word_1_109' title='bbox 474 1985 515 2049; x_wconf 91' lang='lat' dir='ltr'>de</span> <span class='ocrx_word' id='word_1_110' title='bbox 540 1983 614 2065; x_wconf 91' lang='lat' dir='ltr'>pari</span> <span class='ocrx_word' id='word_1_111' title='bbox 636 1986 691 2049; x_wconf 86' lang='lat' dir='ltr'>vel</span> <span class='ocrx_word' id='word_1_112' title='bbox 715 1983 834 2065; x_wconf 90' lang='lat' dir='ltr'>impari</span> <span class='ocrx_word' id='word_1_113' title='bbox 857 2001 992 2050; x_wconf 91' lang='lat' dir='ltr'>numero</span> <span class='ocrx_word' id='word_1_114' title='bbox 1015 1985 1160 2051; x_wconf 87' lang='lat' dir='ltr'>testium.</span> <span class='ocrx_word' id='word_1_115' title='bbox 1186 1984 1221 2051; x_wconf 86' lang='lat' dir='ltr'>Si</span> <span class='ocrx_word' id='word_1_116' title='bbox 1246 2003 1288 2051; x_wconf 84' lang='lat' dir='ltr'>ex</span> <span class='ocrx_word' id='word_1_117' title='bbox 1304 2003 1370 2049; x_wconf 89' lang='lat' dir='ltr'>una</span> 
     </span>
     <span class='ocr_line' id='line_1_16' title="bbox 167 2088 1373 2170; baseline -0.001 -16"><span class='ocrx_word' id='word_1_118' title='bbox 167 2088 355 2166; x_wconf 86' lang='lat' dir='ltr'>eademque</span> <span class='ocrx_word' id='word_1_119' title='bbox 380 2093 477 2169; x_wconf 90' lang='lat' dir='ltr'>parte</span> <span class='ocrx_word' id='word_1_120' title='bbox 501 2090 565 2153; x_wconf 92' lang='lat' dir='ltr'>duo</span> <span class='ocrx_word' id='word_1_121' title='bbox 590 2093 697 2154; x_wconf 90' lang='lat' dir='ltr'>testes</span> <span class='ocrx_word' id='word_1_122' title='bbox 721 2088 837 2157; x_wconf 88' lang='lat' dir='ltr'>dicunt</span> <span class='ocrx_word' id='word_1_123' title='bbox 861 2106 970 2170; x_wconf 92' lang='lat' dir='ltr'>uuum,</span> <span class='ocrx_word' id='word_1_124' title='bbox 993 2093 1027 2153; x_wconf 90' lang='lat' dir='ltr'>et</span> <span class='ocrx_word' id='word_1_125' title='bbox 1050 2093 1121 2155; x_wconf 90' lang='lat' dir='ltr'>tres</span> <span class='ocrx_word' id='word_1_126' title='bbox 1148 2091 1204 2155; x_wconf 86' lang='lat' dir='ltr'>vel</span> <span class='ocrx_word' id='word_1_127' title='bbox 1230 2093 1373 2169; x_wconf 84' lang='lat' dir='ltr'>quatuor</span> 
     </span>
     <span class='ocr_line' id='line_1_17' title="bbox 166 2190 1373 2276; baseline 0.001 -19"><span class='ocrx_word' id='word_1_128' title='bbox 166 2193 291 2258; x_wconf 89' lang='lat' dir='ltr'>dicunt</span> <span class='ocrx_word' id='word_1_129' title='bbox 321 2190 428 2257; x_wconf 89' lang='lat' dir='ltr'>aliud:</span> <span class='ocrx_word' id='word_1_130' title='bbox 459 2198 540 2258; x_wconf 90' lang='lat' dir='ltr'>tunc</span> <span class='ocrx_word' id='word_1_131' title='bbox 573 2191 723 2259; x_wconf 89' lang='lat' dir='ltr'>creditur</span> <span class='ocrx_word' id='word_1_132' title='bbox 753 2192 980 2275; x_wconf 85' lang='lat' dir='ltr'>dignioribus;</span> <span class='ocrx_word' id='word_1_133' title='bbox 1011 2195 1070 2259; x_wconf 88' lang='lat' dir='ltr'>sed</span> <span class='ocrx_word' id='word_1_134' title='bbox 1095 2212 1190 2260; x_wconf 86' lang='lat' dir='ltr'>secus</span> <span class='ocrx_word' id='word_1_135' title='bbox 1215 2200 1276 2276; x_wconf 89' lang='lat' dir='ltr'>est,</span> <span class='ocrx_word' id='word_1_136' title='bbox 1299 2194 1373 2259; x_wconf 86' lang='lat' dir='ltr'>sia</span> 
     </span>
     <span class='ocr_line' id='line_1_18' title="bbox 169 2288 1373 2381; baseline 0.001 -20"><span class='ocrx_word' id='word_1_137' title='bbox 169 2288 319 2364; x_wconf 85' lang='lat' dir='ltr'>diversis</span> <span class='ocrx_word' id='word_1_138' title='bbox 335 2295 500 2379; x_wconf 89' lang='lat' dir='ltr'>partibus,</span> <span class='ocrx_word' id='word_1_139' title='bbox 516 2296 595 2377; x_wconf 89' lang='lat' dir='ltr'>quia</span> <span class='ocrx_word' id='word_1_140' title='bbox 610 2303 692 2363; x_wconf 91' lang='lat' dir='ltr'>tunc</span> <span class='ocrx_word' id='word_1_141' title='bbox 708 2297 858 2364; x_wconf 90' lang='lat' dir='ltr'>creditur</span> <span class='ocrx_word' id='word_1_142' title='bbox 873 2296 990 2380; x_wconf 90' lang='lat' dir='ltr'>majori</span> <span class='ocrx_word' id='word_1_143' title='bbox 1005 2316 1158 2381; x_wconf 80' lang='lat' dir='ltr'>numer03</span> <span class='ocrx_word' id='word_1_144' title='bbox 1183 2298 1237 2364; x_wconf 94' lang='lat' dir='ltr'>vel</span> <span class='ocrx_word' id='word_1_145' title='bbox 1260 2297 1373 2379; x_wconf 88' lang='lat' dir='ltr'>etiam,</span> 
     </span>
     <span class='ocr_line' id='line_1_19' title="bbox 170 2400 1371 2483; baseline 0.002 -17"><span class='ocrx_word' id='word_1_146' title='bbox 170 2402 200 2467; x_wconf 89' lang='lat' dir='ltr'>si</span> <span class='ocrx_word' id='word_1_147' title='bbox 224 2402 247 2466; x_wconf 82' lang='lat' dir='ltr'>a&#39;</span> <span class='ocrx_word' id='word_1_148' title='bbox 271 2400 417 2466; x_wconf 88' lang='lat' dir='ltr'>diversis</span> <span class='ocrx_word' id='word_1_149' title='bbox 441 2402 670 2483; x_wconf 88' lang='lat' dir='ltr'>producantur</span> <span class='ocrx_word' id='word_1_150' title='bbox 691 2408 808 2482; x_wconf 89' lang='lat' dir='ltr'>testes,</span> <span class='ocrx_word' id='word_1_151' title='bbox 832 2420 932 2483; x_wconf 89' lang='lat' dir='ltr'>saepe</span> <span class='ocrx_word' id='word_1_152' title='bbox 949 2402 1100 2468; x_wconf 89' lang='lat' dir='ltr'>creditur</span> <span class='ocrx_word' id='word_1_153' title='bbox 1114 2402 1371 2469; x_wconf 86' lang='lat' dir='ltr'>honestioribus.</span> 
     </span>
     <span class='ocr_line' id='line_1_20' title="bbox 169 2505 1373 2591; baseline 0.003 -21"><span class='ocrx_word' id='word_1_154' title='bbox 169 2506 213 2570; x_wconf 84' lang='lat' dir='ltr'>lt.</span> <span class='ocrx_word' id='word_1_155' title='bbox 238 2505 361 2587; x_wconf 88' lang='lat' dir='ltr'>Nota,</span> <span class='ocrx_word' id='word_1_156' title='bbox 384 2506 470 2586; x_wconf 92' lang='lat' dir='ltr'>quod</span> <span class='ocrx_word' id='word_1_157' title='bbox 494 2505 646 2572; x_wconf 85' lang='lat' dir='ltr'>varietas</span> <span class='ocrx_word' id='word_1_158' title='bbox 669 2506 815 2573; x_wconf 89' lang='lat' dir='ltr'>locorum</span> <span class='ocrx_word' id='word_1_159' title='bbox 839 2509 998 2589; x_wconf 89' lang='lat' dir='ltr'>reprobat</span> <span class='ocrx_word' id='word_1_160' title='bbox 1020 2512 1137 2591; x_wconf 85' lang='lat' dir='ltr'>testes,</span> <span class='ocrx_word' id='word_1_161' title='bbox 1159 2513 1197 2573; x_wconf 94' lang='lat' dir='ltr'>ut</span> <span class='ocrx_word' id='word_1_162' title='bbox 1220 2510 1315 2589; x_wconf 91' lang='lat' dir='ltr'>patet</span> <span class='ocrx_word' id='word_1_163' title='bbox 1337 2507 1373 2574; x_wconf 92' lang='lat' dir='ltr'>in</span> 
     </span>
     <span class='ocr_line' id='line_1_21' title="bbox 168 2608 1372 2692; baseline 0.002 -18"><span class='ocrx_word' id='word_1_164' title='bbox 168 2608 314 2691; x_wconf 83' lang='lat' dir='ltr'>Daniele</span> <span class='ocrx_word' id='word_1_165' title='bbox 339 2614 374 2674; x_wconf 91' lang='lat' dir='ltr'>et</span> <span class='ocrx_word' id='word_1_166' title='bbox 397 2608 562 2675; x_wconf 86' lang='lat' dir='ltr'>Susanna.</span> <span class='ocrx_word' id='word_1_167' title='bbox 584 2609 626 2675; x_wconf 94' lang='lat' dir='ltr'>It.</span> <span class='ocrx_word' id='word_1_168' title='bbox 649 2609 807 2688; x_wconf 83' lang='lat' dir='ltr'>Varietas</span> <span class='ocrx_word' id='word_1_169' title='bbox 831 2612 1000 2692; x_wconf 89' lang='lat' dir='ltr'>temporis,</span> <span class='ocrx_word' id='word_1_170' title='bbox 1019 2612 1203 2692; x_wconf 89' lang='lat' dir='ltr'>utquando</span> <span class='ocrx_word' id='word_1_171' title='bbox 1221 2613 1372 2678; x_wconf 89' lang='lat' dir='ltr'>decerto</span> 
     </span>
     <span class='ocr_line' id='line_1_22' title="bbox 163 2712 1371 2798; baseline 0.001 -18"><span class='ocrx_word' id='word_1_172' title='bbox 163 2720 322 2796; x_wconf 85' lang='lat' dir='ltr'>tempore</span> <span class='ocrx_word' id='word_1_173' title='bbox 352 2712 453 2779; x_wconf 87' lang='lat' dir='ltr'>testis</span> <span class='ocrx_word' id='word_1_174' title='bbox 484 2712 633 2797; x_wconf 83' lang='lat' dir='ltr'>exigitur</span> <span class='ocrx_word' id='word_1_175' title='bbox 661 2716 705 2793; x_wconf 89' lang='lat' dir='ltr'>ad</span> <span class='ocrx_word' id='word_1_176' title='bbox 735 2715 877 2798; x_wconf 76' lang='lat' dir='ltr'>aliquus</span> <span class='ocrx_word' id='word_1_177' title='bbox 908 2714 990 2781; x_wconf 87' lang='lat' dir='ltr'>facti</span> <span class='ocrx_word' id='word_1_178' title='bbox 1022 2714 1244 2793; x_wconf 85' lang='lat' dir='ltr'>existentiam,</span> <span class='ocrx_word' id='word_1_179' title='bbox 1279 2721 1317 2781; x_wconf 92' lang='lat' dir='ltr'>ut</span> <span class='ocrx_word' id='word_1_180' title='bbox 1341 2715 1371 2781; x_wconf 89' lang='lat' dir='ltr'>si</span> 
     </span>
     <span class='ocr_line' id='line_1_23' title="bbox 169 2818 1371 2899; baseline 0.002 -15"><span class='ocrx_word' id='word_1_181' title='bbox 169 2818 325 2885; x_wconf 87' lang='lat' dir='ltr'>dicatur:</span> <span class='ocrx_word' id='word_1_182' title='bbox 350 2818 443 2899; x_wconf 89' lang='lat' dir='ltr'>„Uno</span> <span class='ocrx_word' id='word_1_183' title='bbox 459 2822 620 2884; x_wconf 85' lang='lat' dir='ltr'>contextu</span> <span class='ocrx_word' id='word_1_184' title='bbox 635 2818 760 2885; x_wconf 85' lang='lat' dir='ltr'>factum</span> <span class='ocrx_word' id='word_1_185' title='bbox 775 2838 851 2886; x_wconf 88' lang='lat' dir='ltr'>esse</span> <span class='ocrx_word' id='word_1_186' title='bbox 868 2821 1133 2885; x_wconf 87' lang='lat' dir='ltr'>testamentum.“</span> <span class='ocrx_word' id='word_1_187' title='bbox 1160 2819 1254 2887; x_wconf 81' lang='lat' dir='ltr'>Alias</span> <span class='ocrx_word' id='word_1_188' title='bbox 1274 2837 1371 2887; x_wconf 84' lang='lat' dir='ltr'>secus</span> 
     </span>
     <span class='ocr_line' id='line_1_24' title="bbox 164 2921 1372 3005; baseline 0.002 -17"><span class='ocrx_word' id='word_1_189' title='bbox 164 2928 236 3000; x_wconf 85' lang='lat' dir='ltr'>est,</span> <span class='ocrx_word' id='word_1_190' title='bbox 267 2927 306 2989; x_wconf 88' lang='lat' dir='ltr'>ut</span> <span class='ocrx_word' id='word_1_191' title='bbox 336 2924 367 2987; x_wconf 89' lang='lat' dir='ltr'>si</span> <span class='ocrx_word' id='word_1_192' title='bbox 399 2923 437 2988; x_wconf 88' lang='lat' dir='ltr'>fit</span> <span class='ocrx_word' id='word_1_193' title='bbox 472 2921 624 3001; x_wconf 87' lang='lat' dir='ltr'>quaestio</span> <span class='ocrx_word' id='word_1_194' title='bbox 648 2924 690 2989; x_wconf 90' lang='lat' dir='ltr'>de</span> <span class='ocrx_word' id='word_1_195' title='bbox 712 2924 790 2991; x_wconf 91' lang='lat' dir='ltr'>boc:</span> <span class='ocrx_word' id='word_1_196' title='bbox 824 2942 887 3005; x_wconf 87' lang='lat' dir='ltr'>„an</span> <span class='ocrx_word' id='word_1_197' title='bbox 909 2923 1134 3004; x_wconf 88' lang='lat' dir='ltr'>possederim“</span> <span class='ocrx_word' id='word_1_198' title='bbox 1160 2929 1195 2989; x_wconf 93' lang='lat' dir='ltr'>et</span> <span class='ocrx_word' id='word_1_199' title='bbox 1218 2925 1372 2990; x_wconf 91' lang='lat' dir='ltr'>inducam</span> 
     </span>
     <span class='ocr_line' id='line_1_25' title="bbox 172 3024 1370 3116; baseline 0.002 -24"><span class='ocrx_word' id='word_1_200' title='bbox 172 3030 284 3093; x_wconf 90' lang='lat' dir='ltr'>testes</span> <span class='ocrx_word' id='word_1_201' title='bbox 299 3026 421 3108; x_wconf 90' lang='lat' dir='ltr'>plures,</span> <span class='ocrx_word' id='word_1_202' title='bbox 434 3025 536 3108; x_wconf 86' lang='lat' dir='ltr'>aliqui</span> <span class='ocrx_word' id='word_1_203' title='bbox 549 3024 681 3116; x_wconf 83' lang='lat' dir='ltr'>dicant:</span> <span class='ocrx_word' id='word_1_204' title='bbox 699 3026 869 3108; x_wconf 85' lang='lat' dir='ltr'>„Vidimus</span> <span class='ocrx_word' id='word_1_205' title='bbox 882 3028 1054 3107; x_wconf 87' lang='lat' dir='ltr'>possidere</span> <span class='ocrx_word' id='word_1_206' title='bbox 1067 3046 1142 3092; x_wconf 91' lang='lat' dir='ltr'>eum</span> <span class='ocrx_word' id='word_1_207' title='bbox 1154 3047 1216 3109; x_wconf 91' lang='lat' dir='ltr'>per</span> <span class='ocrx_word' id='word_1_208' title='bbox 1231 3031 1370 3096; x_wconf 88' lang='lat' dir='ltr'>annnm“</span> 
     </span>
     <span class='ocr_line' id='line_1_26' title="bbox 171 3130 1372 3213; baseline 0.002 -17"><span class='ocrx_word' id='word_1_209' title='bbox 171 3130 233 3197; x_wconf 86' lang='lat' dir='ltr'>alii</span> <span class='ocrx_word' id='word_1_210' title='bbox 258 3130 482 3213; x_wconf 82' lang='lat' dir='ltr'>„per.alium“</span> <span class='ocrx_word' id='word_1_211' title='bbox 516 3134 551 3196; x_wconf 89' lang='lat' dir='ltr'>et</span> <span class='ocrx_word' id='word_1_212' title='bbox 581 3131 631 3195; x_wconf 89' lang='lat' dir='ltr'>sic</span> <span class='ocrx_word' id='word_1_213' title='bbox 654 3133 695 3197; x_wconf 89' lang='lat' dir='ltr'>de</span> <span class='ocrx_word' id='word_1_214' title='bbox 719 3132 859 3211; x_wconf 81' lang='lat' dir='ltr'>ceteris3</span> <span class='ocrx_word' id='word_1_215' title='bbox 883 3131 1109 3198; x_wconf 88' lang='lat' dir='ltr'>testimonium</span> <span class='ocrx_word' id='word_1_216' title='bbox 1133 3151 1246 3199; x_wconf 92' lang='lat' dir='ltr'>eorum</span> <span class='ocrx_word' id='word_1_217' title='bbox 1270 3137 1372 3199; x_wconf 89' lang='lat' dir='ltr'>tenet.</span> 
     </span>
     <span class='ocr_line' id='line_1_27' title="bbox 165 3234 1374 3321; baseline 0.002 -20"><span class='ocrx_word' id='word_1_218' title='bbox 165 3236 287 3321; x_wconf 81' lang='lat' dir='ltr'>(Unde</span> <span class='ocrx_word' id='word_1_219' title='bbox 325 3234 430 3300; x_wconf 85' lang='lat' dir='ltr'>solum</span> <span class='ocrx_word' id='word_1_220' title='bbox 468 3236 509 3300; x_wconf 92' lang='lat' dir='ltr'>de</span> <span class='ocrx_word' id='word_1_221' title='bbox 547 3253 595 3317; x_wconf 90' lang='lat' dir='ltr'>eo,</span> <span class='ocrx_word' id='word_1_222' title='bbox 641 3236 682 3300; x_wconf 91' lang='lat' dir='ltr'>de</span> <span class='ocrx_word' id='word_1_223' title='bbox 721 3254 785 3314; x_wconf 93' lang='lat' dir='ltr'>quo</span> <span class='ocrx_word' id='word_1_224' title='bbox 824 3241 877 3301; x_wconf 90' lang='lat' dir='ltr'>est</span> <span class='ocrx_word' id='word_1_225' title='bbox 915 3236 1155 3319; x_wconf 87' lang='lat' dir='ltr'>controversia,</span> <span class='ocrx_word' id='word_1_226' title='bbox 1194 3238 1374 3304; x_wconf 90' lang='lat' dir='ltr'>inducendi</span> 
     </span>
     <span class='ocr_line' id='line_1_28' title="bbox 166 3326 1096 3424; baseline 0 -18"><span class='ocrx_word' id='word_1_227' title='bbox 166 3345 254 3407; x_wconf 86' lang='lat' dir='ltr'>sunt</span> <span class='ocrx_word' id='word_1_228' title='bbox 276 3338 410 3424; x_wconf 88' lang='lat' dir='ltr'>testes.)</span> <span class='ocrx_word' id='word_1_229' title='bbox 642 3351 644 3354; x_wconf 85' lang='grc'><strong><em>·</em></strong></span> <span class='ocrx_word' id='word_1_230' title='bbox 884 3326 886 3331; x_wconf 68' lang='grc'><strong>’</strong></span> <span class='ocrx_word' id='word_1_231' title='bbox 1017 3368 1020 3375; x_wconf 95' lang='grc'><strong><em>·</em></strong></span> <span class='ocrx_word' id='word_1_232' title='bbox 1091 3349 1096 3358; x_wconf 76' lang='grc'>“</span> 
     </span>
    </p>
   </div>
   <div class='ocr_carea' id='block_1_5' title="bbox 164 3494 1375 4415">
    <p class='ocr_par' dir='ltr' id='par_1_5' title="bbox 164 3494 1375 4415">
     <span class='ocr_line' id='line_1_29' title="bbox 279 3494 1371 3584; baseline 0.002 -25"><span class='ocrx_word' id='word_1_233' title='bbox 279 3494 579 3577; x_wconf 59' lang='lat' dir='ltr'>medietatibus,</span> <span class='ocrx_word' id='word_1_234' title='bbox 607 3496 691 3580; x_wconf 79' lang='lat' dir='ltr'>quod</span> <span class='ocrx_word' id='word_1_235' title='bbox 714 3497 901 3584; x_wconf 73' lang='lat' dir='ltr'>ququdoque</span> <span class='ocrx_word' id='word_1_236' title='bbox 923 3498 1129 3579; x_wconf 62' lang='lat' dir='ltr'>recipiuntur</span> <span class='ocrx_word' id='word_1_237' title='bbox 1148 3507 1221 3559; x_wconf 82' lang='lat' dir='ltr'>ante</span> <span class='ocrx_word' id='word_1_238' title='bbox 1237 3519 1371 3581; x_wconf 81' lang='lat' dir='ltr'>respou-</span> 
     </span>
     <span class='ocr_line' id='line_1_30' title="bbox 165 3592 1374 3685; baseline 0.002 -21"><span class='ocrx_word' id='word_1_239' title='bbox 165 3601 294 3664; x_wconf 76' lang='lat' dir='ltr'>ar&#39;ocem</span> <span class='ocrx_word' id='word_1_240' title='bbox 331 3599 382 3660; x_wconf 84' lang='lat' dir='ltr'>rai</span> <span class='ocrx_word' id='word_1_241' title='bbox 417 3609 446 3661; x_wconf 84' lang='lat' dir='ltr'>et</span> <span class='ocrx_word' id='word_1_242' title='bbox 483 3592 558 3663; x_wconf 78' lang='lat' dir='ltr'>anta</span> <span class='ocrx_word' id='word_1_243' title='bbox 596 3600 666 3662; x_wconf 81' lang='lat' dir='ltr'>litia</span> <span class='ocrx_word' id='word_1_244' title='bbox 712 3603 982 3667; x_wconf 78' lang='lat' dir='ltr'>contestationem.</span> <span class='ocrx_word' id='word_1_245' title='bbox 1028 3601 1127 3668; x_wconf 81' lang='lat' dir='ltr'>Licet</span> <span class='ocrx_word' id='word_1_246' title='bbox 1171 3602 1374 3685; x_wconf 81' lang='lat' dir='ltr'>regulariter</span> 
     </span>
     <span class='ocr_line' id='line_1_31' title="bbox 164 3706 1372 3788; baseline 0 -17"><span class='ocrx_word' id='word_1_247' title='bbox 164 3706 383 3788; x_wconf 87' lang='lat' dir='ltr'>observetur,</span> <span class='ocrx_word' id='word_1_248' title='bbox 415 3707 503 3784; x_wconf 93' lang='lat' dir='ltr'>quod</span> <span class='ocrx_word' id='word_1_249' title='bbox 526 3710 605 3773; x_wconf 91' lang='lat' dir='ltr'>ante</span> <span class='ocrx_word' id='word_1_250' title='bbox 628 3706 877 3788; x_wconf 90' lang='lat' dir='ltr'>responsionem</span> <span class='ocrx_word' id='word_1_251' title='bbox 907 3708 952 3773; x_wconf 90' lang='lat' dir='ltr'>ad</span> <span class='ocrx_word' id='word_1_252' title='bbox 982 3706 1220 3787; x_wconf 88' lang='lat' dir='ltr'>querimoniam</span> <span class='ocrx_word' id='word_1_253' title='bbox 1252 3711 1372 3773; x_wconf 88' lang='lat' dir='ltr'>motam</span> 
     </span>
     <span class='ocr_line' id='line_1_32' title="bbox 168 3808 1373 3897; baseline 0.002 -23"><span class='ocrx_word' id='word_1_254' title='bbox 168 3814 208 3874; x_wconf 90' lang='lat' dir='ltr'>et</span> <span class='ocrx_word' id='word_1_255' title='bbox 245 3808 371 3875; x_wconf 87' lang='lat' dir='ltr'>factam</span> <span class='ocrx_word' id='word_1_256' title='bbox 416 3813 523 3876; x_wconf 89' lang='lat' dir='ltr'>testes</span> <span class='ocrx_word' id='word_1_257' title='bbox 565 3829 632 3876; x_wconf 95' lang='lat' dir='ltr'>non</span> <span class='ocrx_word' id='word_1_258' title='bbox 668 3810 885 3893; x_wconf 86' lang='lat' dir='ltr'>recipiantur,</span> <span class='ocrx_word' id='word_1_259' title='bbox 931 3815 1043 3877; x_wconf 88' lang='lat' dir='ltr'>tamen</span> <span class='ocrx_word' id='word_1_260' title='bbox 1081 3828 1123 3877; x_wconf 83' lang='lat' dir='ltr'>ex</span> <span class='ocrx_word' id='word_1_261' title='bbox 1160 3812 1272 3879; x_wconf 87' lang='lat' dir='ltr'>causis</span> <span class='ocrx_word' id='word_1_262' title='bbox 1311 3811 1373 3897; x_wconf 92' lang='lat' dir='ltr'>hoc</span> 
     </span>
     <span class='ocr_line' id='line_1_33' title="bbox 168 3914 1374 3998; baseline 0.001 -21"><span class='ocrx_word' id='word_1_263' title='bbox 168 3914 373 3993; x_wconf 89' lang='lat' dir='ltr'>quandoque</span> <span class='ocrx_word' id='word_1_264' title='bbox 398 3914 573 3996; x_wconf 83' lang='lat' dir='ltr'>contingit,</span> <span class='ocrx_word' id='word_1_265' title='bbox 603 3914 692 3980; x_wconf 87' lang='lat' dir='ltr'>sicut</span> <span class='ocrx_word' id='word_1_266' title='bbox 714 3915 779 3981; x_wconf 86' lang='lat' dir='ltr'>vid.</span> <span class='ocrx_word' id='word_1_267' title='bbox 802 3914 858 3982; x_wconf 87' lang='lat' dir='ltr'>vel</span> <span class='ocrx_word' id='word_1_268' title='bbox 880 3914 911 3981; x_wconf 90' lang='lat' dir='ltr'>si</span> <span class='ocrx_word' id='word_1_269' title='bbox 934 3916 1105 3998; x_wconf 90' lang='lat' dir='ltr'>probetur,</span> <span class='ocrx_word' id='word_1_270' title='bbox 1137 3916 1224 3994; x_wconf 92' lang='lat' dir='ltr'>qnod</span> <span class='ocrx_word' id='word_1_271' title='bbox 1255 3915 1374 3981; x_wconf 89' lang='lat' dir='ltr'>citatio</span> 
     </span>
     <span class='ocr_line' id='line_1_34' title="bbox 169 4017 1374 4102; baseline 0 -19"><span class='ocrx_word' id='word_1_272' title='bbox 169 4017 398 4098; x_wconf 79' lang='lat' dir='ltr'>pervenitad</span> <span class='ocrx_word' id='word_1_273' title='bbox 422 4018 576 4102; x_wconf 90' lang='lat' dir='ltr'>aliquem,</span> <span class='ocrx_word' id='word_1_274' title='bbox 608 4020 664 4086; x_wconf 85' lang='lat' dir='ltr'>vel</span> <span class='ocrx_word' id='word_1_275' title='bbox 691 4020 719 4085; x_wconf 88' lang='lat' dir='ltr'>si</span> <span class='ocrx_word' id='word_1_276' title='bbox 749 4021 790 4085; x_wconf 93' lang='lat' dir='ltr'>de</span> <span class='ocrx_word' id='word_1_277' title='bbox 823 4026 930 4086; x_wconf 91' lang='lat' dir='ltr'>morte</span> <span class='ocrx_word' id='word_1_278' title='bbox 960 4018 1098 4085; x_wconf 86' lang='lat' dir='ltr'>testium</span> <span class='ocrx_word' id='word_1_279' title='bbox 1129 4020 1289 4085; x_wconf 86' lang='lat' dir='ltr'>timeatur</span> <span class='ocrx_word' id='word_1_280' title='bbox 1320 4018 1374 4086; x_wconf 90' lang='lat' dir='ltr'>vel</span> 
     </span>
     <span class='ocr_line' id='line_1_35' title="bbox 172 4108 1375 4206; baseline 0.002 -21"><span class='ocrx_word' id='word_1_281' title='bbox 172 4120 218 4185; x_wconf 91' lang='lat' dir='ltr'>de</span> <span class='ocrx_word' id='word_1_282' title='bbox 243 4120 390 4202; x_wconf 88' lang='lat' dir='ltr'>ipsorum</span> <span class='ocrx_word' id='word_1_283' title='bbox 414 4121 568 4189; x_wconf 84' lang='lat' dir='ltr'>absentia</span> <span class='ocrx_word' id='word_1_284' title='bbox 592 4122 760 4206; x_wconf 89' lang='lat' dir='ltr'>diuturna,</span> <span class='ocrx_word' id='word_1_285' title='bbox 782 4122 838 4189; x_wconf 77' lang='lat' dir='ltr'>iel</span> <span class='ocrx_word' id='word_1_286' title='bbox 860 4122 891 4189; x_wconf 85' lang='lat' dir='ltr'>si</span> <span class='ocrx_word' id='word_1_287' title='bbox 915 4108 992 4189; x_wconf 84' lang='lat' dir='ltr'>reus</span> <span class='ocrx_word' id='word_1_288' title='bbox 1014 4112 1118 4189; x_wconf 82' lang='lat' dir='ltr'>fuerit</span> <span class='ocrx_word' id='word_1_289' title='bbox 1142 4112 1264 4190; x_wconf 85' lang='lat' dir='ltr'>absens</span> <span class='ocrx_word' id='word_1_290' title='bbox 1287 4122 1375 4189; x_wconf 89' lang='lat' dir='ltr'>etin</span> 
     </span>
     <span class='ocr_line' id='line_1_36' title="bbox 173 4223 1374 4309; baseline 0.002 -21"><span class='ocrx_word' id='word_1_291' title='bbox 173 4223 317 4293; x_wconf 82' lang='lat' dir='ltr'>remotis</span> <span class='ocrx_word' id='word_1_292' title='bbox 339 4225 492 4307; x_wconf 87' lang='lat' dir='ltr'>partibus</span> <span class='ocrx_word' id='word_1_293' title='bbox 516 4245 640 4293; x_wconf 91' lang='lat' dir='ltr'>moram</span> <span class='ocrx_word' id='word_1_294' title='bbox 653 4226 775 4309; x_wconf 74' lang='lat' dir='ltr'>iaciat,</span> <span class='ocrx_word' id='word_1_295' title='bbox 798 4226 848 4292; x_wconf 93' lang='lat' dir='ltr'>ita</span> <span class='ocrx_word' id='word_1_296' title='bbox 871 4228 960 4306; x_wconf 90' lang='lat' dir='ltr'>quod</span> <span class='ocrx_word' id='word_1_297' title='bbox 983 4225 1139 4293; x_wconf 83' lang='lat' dir='ltr'>de-lacili</span> <span class='ocrx_word' id='word_1_298' title='bbox 1156 4229 1212 4294; x_wconf 86' lang='lat' dir='ltr'>vel</span> <span class='ocrx_word' id='word_1_299' title='bbox 1227 4229 1262 4294; x_wconf 92' lang='lat' dir='ltr'>in</span> <span class='ocrx_word' id='word_1_300' title='bbox 1278 4226 1374 4295; x_wconf 88' lang='lat' dir='ltr'>brevi</span> 
     </span>
     <span class='ocr_line' id='line_1_37' title="bbox 173 4326 1375 4415; baseline 0.004 -23"><span class='ocrx_word' id='word_1_301' title='bbox 173 4326 278 4396; x_wconf 87' lang='lat' dir='ltr'>citari</span> <span class='ocrx_word' id='word_1_302' title='bbox 301 4346 368 4397; x_wconf 89' lang='lat' dir='ltr'>non</span> <span class='ocrx_word' id='word_1_303' title='bbox 398 4330 514 4413; x_wconf 91' lang='lat' dir='ltr'>possit,</span> <span class='ocrx_word' id='word_1_304' title='bbox 544 4332 599 4398; x_wconf 90' lang='lat' dir='ltr'>vel</span> <span class='ocrx_word' id='word_1_305' title='bbox 622 4331 659 4397; x_wconf 87' lang='lat' dir='ltr'>si</span> <span class='ocrx_word' id='word_1_306' title='bbox 675 4349 753 4397; x_wconf 91' lang='lat' dir='ltr'>reus</span> <span class='ocrx_word' id='word_1_307' title='bbox 783 4330 1007 4414; x_wconf 88' lang='lat' dir='ltr'>peremptoria</span> <span class='ocrx_word' id='word_1_308' title='bbox 1037 4332 1199 4399; x_wconf 89' lang='lat' dir='ltr'>citatione</span> <span class='ocrx_word' id='word_1_309' title='bbox 1229 4336 1375 4415; x_wconf 87' lang='lat' dir='ltr'>recepta,</span> 
     </span>
    </p>
   </div>
   <div class='ocr_carea' id='block_1_6' title="bbox 0 0 1642 5009">
    <p class='ocr_par' dir='ltr' id='par_1_6' title="bbox 0 0 1642 5009">
     <span class='ocr_line' id='line_1_38' title="bbox 0 0 1642 5009; baseline 0 0"><span class='ocrx_word' id='word_1_310' title='bbox 0 0 1642 5009; x_wconf 95' lang='lat' dir='ltr'> </span> 
     </span>
    </p>
   </div>
  </div>
 </body>
</html>
