3275 5009
686 376 854 432 Brunenses.
1337 382 1372 436 57

168 582 347 666 miserant,
361 601 473 650 coram
489 602 549 651 sex
561 584 684 665 juratis
699 604 759 668 pro
775 586 921 653 testibus
937 605 999 671 per
1014 604 1071 654 eos
1087 590 1131 655 ed
1154 588 1218 657 hoc
1241 587 1371 672 rogatis

167 685 351 753 arbitrium
365 688 644 769 pronuntiassent
659 694 695 756 et
711 709 849 774 poenam
866 691 1001 758 arbitrii
1013 692 1103 773 parti
1115 692 1292 759 arbitrium
1307 709 1374 759 uon

171 790 327 856 servanti
350 790 541 859 solvendam
568 794 799 878 deputassent,
829 793 954 863 accidit
983 813 1044 879 per
1075 796 1218 863 medium
1240 812 1373 880 annum,

169 895 263 975 quod
285 900 381 961 actor
403 901 606 977 conquestus
629 903 682 965 est
706 901 747 966 de
770 917 841 982 reo,
871 898 950 980 quia
977 900 1120 966 termino
1143 918 1203 982 per
1226 900 1372 967 arbitros

172 1001 306 1065 statuto
337 1000 510 1081 pecuniam
548 1003 663 1067 decem
699 1020 886 1070 marcarum
917 1003 983 1071 sibi
1014 1005 1144 1073 solvere
1177 1003 1376 1089 neglexerit.

173 1100 306 1171 Petivit
328 1121 410 1187 ergo
433 1122 492 1187 pro
516 1122 553 1171 se
577 1105 787 1191 sententiari,
810 1106 840 1174 si
863 1110 959 1175 ambo
991 1108 1112 1176 arbitri
1144 1108 1185 1175 de
1212 1106 1376 1191 praeteri·

172 1206 270 1275 tione
291 1207 429 1275 termini
451 1214 670 1295 testarentur,
694 1215 805 1278 utrum
828 1230 908 1280 reus
931 1213 966 1280 in
990 1212 1090 1279 dictis
1113 1214 1228 1279 decem
1254 1211 1377 1278 marcis

172 1316 215 1379 et
244 1311 280 1378 in
309 1330 419 1395 poena
449 1314 583 1381 arbitrii
612 1332 679 1382 non
708 1322 802 1383 esset
826 1316 1043 1402 justitialiter
1073 1316 1252 1400 obligatus.
1286 1314 1378 1383 Reus

174 1434 259 1485 vero
281 1418 465 1501 respondit,
487 1420 575 1498 quod
601 1423 788 1487 testaretur
816 1419 852 1486 in
883 1439 944 1488 seu
972 1422 1115 1507 juratos,
1145 1438 1227 1501 quos
1258 1418 1380 1485 arbitri

173 1522 213 1587 in
246 1520 525 1603 pronunciatione
559 1540 662 1606 supra
696 1540 734 1591 se
766 1543 826 1606 pro
861 1525 1008 1594 testibus
1048 1529 1252 1606 statuerunt,
1290 1524 1379 1604 quod

172 1624 343 1692 terminus
373 1625 550 1693 solutionis
574 1626 739 1693 dictorum
762 1630 876 1696 decem
898 1646 1086 1696 marcarum
1109 1629 1253 1694 nondum
1274 1628 1375 1693 adve-

174 1729 278 1813 nerit,
306 1734 341 1796 et
371 1728 406 1795 in
436 1749 544 1813 poena
574 1732 708 1800 arbitrii
736 1751 803 1801 non
833 1740 925 1802 esset
951 1732 1168 1816 justitialiter
1197 1730 1377 1815 obligatus.

174 1831 359 1917 Quaesivit
381 1852 472 1918 ergo,
486 1835 517 1902 si
527 1836 636 1919 jurati
650 1838 693 1903 de
708 1836 770 1904 hoo
786 1841 1005 1921 testarentur,
1020 1841 1131 1904 utrum
1148 1854 1262 1903 eorum
1277 1833 1373 1901 testi·

177 1937 324 2005 monium
347 1956 413 2005 uon
436 1938 483 2005 sit
505 1938 707 2006 arbitrorum
731 1942 922 2008 testimonio
945 1937 1227 2023 praeferendum?
1251 1938 1375 2005 Contra
1409 2011 1413 2017 ,

174 2060 281 2124 quam
302 2043 555 2125 responsionem
576 2049 672 2111 actor
700 2045 894 2128 replicando
924 2043 1104 2127 quaesivit,
1134 2061 1207 2110 cunr
1237 2040 1310 2125 ipse
1340 2044 1384 2106 et·

174 2164 261 2213 reus
283 2146 318 2213 iu
340 2148 497 2243 arbitros¹
512 2148 715 2215 solummodo
737 2156 906 2231 tamquam
936 2148 971 2215 in
995 2146 1139 2217 diffinito
1170 2164 1225 2213 res
1256 2162 1380 2211 causae

176 2252 353 2319 intereos
378 2252 566 2321 ventilatae
595 2253 837 2335 consenserint,
867 2270 929 2319 nec
948 2252 1081 2334 juratos
1105 2268 1164 2335 pro
1187 2248 1380 2315 testimonio

179 2355 378 2441 petiverint,
412 2364 448 2424 et
481 2358 666 2441 arbitrium,
699 2357 847 2437 qualiter
878 2356 1003 2427 factum
1037 2359 1072 2422 et
1104 2355 1293 2421 ordinatum
1326 2352 1381 2435 sit,

181 2460 258 2543 plus
281 2461 326 2527 sit
348 2465 462 2530 notum
484 2460 631 2544 arbitris,
654 2460 711 2542 qui
733 2460 842 2543 ipsum
865 2466 900 2528 et
924 2463 1120 2527 statuerunt
1140 2462 1175 2527 et
1200 2462 1381 2539 antequam
1409 2470 1413 2478 ·

178 2568 386 2648 statuerent,
433 2567 568 2648 saepius
615 2566 852 2633 cribraverunt
893 2582 992 2645 quam
1024 2562 1140 2647 jurati,
1178 2561 1236 2642 qui
1272 2562 1381 2643 ipsum

180 2673 314 2736 tanturn
337 2670 440 2737 semel
462 2674 612 2751 tempore
635 2668 924 2752 pronunciationis
948 2667 1158 2744 audiverunt,
1183 2684 1256 2732 cum
1280 2664 1383 2732 etiam

180 2773 307 2840 arbitri
329 2774 364 2840 in
387 2773 448 2852 his,
472 2793 558 2856 quae
579 2775 721 2843 arbitrio
745 2773 951 2856 deserviunt,
976 2771 1101 2854 juratis
1133 2768 1382 2854 aequipolleant

183 2879 221 2945 in
243 2881 413 2963 testando,
442 2883 554 2946 utrum
584 2880 619 2946 iu
651 2881 714 2947 lroc
748 2897 831 2946 casu
864 2896 976 2945 eorum
1008 2874 1201 2943 testimonio
1235 2891 1301 2941 non
1336 2872 1383 2939 sit

183 2984 369 3051 standum?
395 2983 504 3067 Super
527 3002 591 3065 quo
615 2983 850 3052 diffinitum
873 2980 946 3067 ruit,
962 2982 1049 3062 quod
1065 2980 1147 3047 licet
1162 2978 1382 3063 allegationes

185 3089 314 3155 actoris
337 3094 504 3169 tamquam
527 3089 669 3167 validae,
693 3090 825 3170 quando
849 3087 1030 3155 validiores
1054 3103 1120 3151 non
1137 3085 1283 3165 obstant,
1307 3085 1385 3171 ¹suut

184 3192 438 3260 rationabiliter
472 3193 717 3260 admittendae:
752 3198 875 3273 tamen,
908 3190 988 3272 quia
1022 3190 1057 3256 in
1095 3206 1176 3255 casu
1214 3184 1388 3270 praesenti

186 3296 312 3365 arbitri
335 3297 370 3363 in
393 3297 590 3364 arbitrando
620 3304 656 3363 et
689 3296 723 3362 iu
753 3284 1001 3378 pronuntiando
1033 3311 1145 3360 coram
1173 3290 1319 3358 testibus
1351 3294 1386 3354 et

187 3402 332 3470 mamma
352 3402 478 3487 jnratis
501 3402 609 3470 officio
640 3419 699 3468 suo
731 3402 882 3485 plenarie
914 3399 1023 3467 functi
1050 3402 1137 3481 sunt,
1160 3392 1387 3485 testimonium

182 3510 383 3594 juratorum,
402 3526 500 3592 ,quos
530 3507 662 3590 arbitri,
695 3512 855 3587 quantum
884 3508 927 3572 ad
956 3506 1028 3588 hoo,
1063 3502 1129 3571 sibi
1152 3498 1388 3582 quodammodo

182 3611 450 3695 substituerunt,
472 3611 537 3678 imo
562 3610 805 3693 praefecerunt,
829 3613 882 3675 est
905 3608 1063 3690 deinceps
1091 3604 1300 3673 audiendum.
1333 3600 1388 3668 Sic

189 3736 290 3785 secus
314 3720 415 3800 esset,
437 3714 593 3783 fortassis
617 3714 647 3781 si
666 3733 726 3797 pro
745 3712 938 3781 testimonio
954 3706 1238 3794 pronuntiationis
1254 3704 1387 3771 arbitrii

189 3825 394 3890 vocarentur
415 3825 534 3903 testes,
557 3824 592 3887 et
614 3837 682 3885 non
707 3818 824 3903 jurati,
851 3815 907 3883 vel
937 3816 1032 3893 tales,
1059 3813 1179 3895 quibus
1203 3827 1269 3877 non
1293 3814 1385 3877 esset

190 3926 395 3995 tantalides
419 3925 508 3993 sicut
531 3923 670 3992 arbitris
694 3921 894 3990 adhibenda.

298 4136 350 4202 88.
373 4131 463 4220 (Ba.)
485 4131 602 4197 Modus
613 4127 864 4214 pronunciandi
878 4125 1063 4190 arbitrium.
1087 4122 1220 4191 Rustici
1236 4120 1391 4188 villarum

190 4239 351 4309 instructi
366 4242 455 4321 sunt,
470 4238 557 4319 quod
580 4237 623 4303 ad
646 4233 931 4318 pronuntiandum
961 4228 1137 4296 arbitrium
1160 4244 1220 4310 per
1243 4223 1390 4291 arbitros

194 4345 336 4433 rogandi
358 4348 440 4411 sunt
461 4346 569 4410 testes
590 4339 706 4422 jurati,
737 4339 792 4407 vel
814 4335 883 4419 alii,
915 4334 1034 4415 quibus
1057 4332 1164 4413 possit
1187 4327 1391 4395 tantalides
