3275 5009
271 407 322 460 loa
726 474 732 487 .
791 405 957 460 Sententiae

271 633 394 697 ponere
420 620 577 696 possunt3
610 614 692 680 licet
723 615 809 681 enim
843 615 970 700 diebus,
1002 615 1059 696 qui
1090 615 1204 682 feriati
1233 616 1300 682 sibi
1332 616 1462 683 ratione

268 721 424 786 messium
446 719 501 788 vol
523 719 774 794 vindemiarum,
799 721 841 786 de
864 721 1037 787 voluntate
1059 720 1263 804 litigantium
1279 721 1464 788 renuntiari

270 825 386 906 possit,
418 829 531 890 tamen
561 823 678 890 diebus
708 823 842 890 feriatis
864 824 900 890 in
922 824 1080 890 honorem
1103 824 1177 907 Dei,
1201 824 1288 892 sicut
1312 829 1366 891 est
1390 826 1462 892 dies

270 947 291 994 a
306 947 449 1010 vespera
463 927 601 1011 vigiliae
617 946 722 1008 usqne
738 929 781 994 ad
799 945 974 1010 vesperam
989 929 1057 995 diei
1073 927 1216 996 celebris
1236 929 1462 1010 apostolorum

186 1115 187 1118 Ἴ
269 1049 416 1114 currens,
440 1029 628 1097 renuntiari
651 1048 716 1096 non
740 1031 885 1112 expedit,
916 1032 994 1111 quia
1019 1035 1116 1114 pacto
1140 1030 1347 1113 privatorum
1367 1050 1461 1100 reve·

269 1135 378 1202 nentia
400 1135 506 1203 divini
528 1134 674 1201 numinis
697 1135 826 1201 remitti
849 1153 915 1202 non
937 1140 1061 1216 potest.
1084 1136 1139 1224 (R.
1161 1134 1250 1224 428.)

373 1291 482 1378 4301)
499 1292 743 1378 Dejoratorom
756 1292 884 1356 debitis.
900 1292 937 1359 Si
944 1293 1052 1378 jurati
1063 1295 1195 1376 antiqui
1206 1313 1268 1377 per
1279 1294 1462 1376 quempiam

270 1415 330 1479 pro
347 1396 468 1464 debitis
490 1402 642 1479 tempore
664 1396 812 1479 ipsorum
835 1402 870 1463 et
892 1415 953 1479 per
967 1399 1059 1481 ipsos
1075 1418 1149 1465 cum
1165 1417 1372 1479 quocumque
1387 1417 1461 1465 con·

271 1501 392 1568 tractis
407 1501 513 1567 forma
520 1501 700 1585 judiciaria
712 1502 934 1583 impetuntur:
946 1502 1033 1568 idem
1044 1502 1152 1586 jurati
1164 1507 1304 1585 possunt
1314 1506 1461 1569 actorem

272 1608 411 1672 eundem
434 1604 576 1687 simplici
597 1623 711 1672 eorum
729 1607 929 1690 juramento,
952 1609 1038 1685 quod
1060 1606 1132 1672 Deo
1149 1611 1184 1672 et
1200 1605 1387 1671 bominibus
1403 1624 1460 1688 pro

267 1708 402 1793 justitia
425 1710 569 1775 fovenda
590 1708 752 1792 fecerunt,
776 1729 886 1777 coram
908 1710 1004 1776 novis
1024 1710 1148 1793 juratis
1169 1711 1382 1792 verbotenus,
1397 1729 1462 1776 non

272 1833 368 1881 crnoe
391 1819 494 1896 tacta,
518 1831 676 1895 expresse
699 1816 844 1881 evadere
871 1818 973 1893 atque
1003 1814 1127 1897 taliter,
1155 1819 1190 1882 et
1212 1832 1279 1880 non
1302 1815 1463 1899 strictius,

271 1919 306 1985 in
328 1920 390 1984 boc
414 1935 493 1984 casu
524 1936 561 1984 se
591 1911 745 2002 purgare,
774 1937 816 1984 110
835 1921 1022 2004 juratorum
1047 1936 1106 1999 per
1129 1919 1215 1983 tales
1237 1915 1463 1998 impetitiones

272 2023 449 2090 honoribus
472 2021 627 2088 fortassis
651 2025 841 2106 derogetur.

374 2143 470 2224 Item,
491 2143 521 2208 si
544 2145 746 2210 adveniente
769 2144 944 2211 electionis
968 2150 1117 2227 tempore
1136 2148 1323 2231 Juratornm
1348 2143 1462 2229 (prout

271 2247 423 2329 superius
447 2266 640 2330 expressum
664 2253 716 2315 est
739 2249 886 2330 capitulo
905 2249 974 2330 ,De
991 2250 1193 2336 electione“)
1217 2249 1319 2332 iurati
1335 2247 1461 2313 fuerint

271 2351 369 2417 electi
400 2353 477 2418 novi
511 2371 570 2432 por
601 2352 766 2435 antiquos,
798 2352 995 2418 electionem
1026 2372 1139 2420 eorum
1170 2353 1369 2434 refutantes,
1399 2369 1461 2416 nec

265 2454 495 2537 jurarenecin
504 2456 698 2524 electionem
710 2457 901 2523 consentire
914 2457 1209 2523 curaverintztalis
1222 2455 1462 2523 contumacitas

270 2577 328 2624 sen
352 2560 524 2626 temeritas
547 2563 665 2627 merito
689 2569 857 2641 tamqnam
879 2561 1060 2627 arbitraria
1084 2562 1245 2644 principis
1268 2577 1327 2626 seu
1351 2577 1463 2624 eornm

271 2663 405 2728 dominii
418 2665 564 2730 emendis
577 2666 806 2749 subjacebunt.
820 2665 953 2731 Debent
966 2666 1067 2731 etiam
1080 2684 1192 2731 omnes
1202 2664 1309 2750 jurati
1327 2667 1463 2745 propter

271 2767 458 2832 decentiam
482 2773 516 2834 et
538 2768 631 2833 urbis
656 2769 849 2852 custodiam,
873 2770 901 2834 si
917 2787 1055 2835 necesse
1071 2769 1174 2836 fuerit
1189 2787 1231 2834 ex
1248 2785 1337 2849 casn,
1352 2766 1461 2832 noctis

269 2875 417 2952 tempore
440 2890 500 2953 pro
524 2873 661 2938 oonsilio
683 2869 808 2938 'causae
834 2873 1020 2939 convenire.
1053 2874 1185 2939 Debent
1208 2874 1244 2938 111
1267 2870 1462 2938 civItatibus

269 2992 392 3057 0010111,
415 2982 451 3041 ot
474 2995 539 3042 non
563 2983 659 3042 extra
682 2995 801 3060 11111101,
816 2978 979 3043 ruralium
993 2996 1092 3058 more,
1109 2977 1325 3042 residentiam
1339 2977 1462 3041 bebere

272 3080 485 3158 corporalem,
520 3099 560 3146 ne
591 3082 891 3150 reverendissimus
924 3083 1004 3146 ordo
1039 3079 1289 3147 civitatensium
1323 3079 1462 3162 alicujus

271 3181 486 3262 simplicitate
509 3183 606 3268 (puta
630 3190 726 3250 extra
745 3203 855 3250 muros
872 3185 1067 3264 residentis)
1085 3184 1230 3250 lusorias
1246 3188 1281 3249 et
1296 3189 1462 3265 tamquam

271 3285 449 3352 distinctus
482 3293 674 3371 reputetur;
704 3307 880 3368 numquam
911 3289 998 3356 enim
1030 3290 1189 3355 civitates
1220 3294 1254 3353 et
1279 3289 1410 3371 oppida,
1434 3287 1462 3352 si

270 3395 366 3456 extra
390 3409 498 3457 muros
522 3410 581 3457 seu
603 3390 732 3458 fossata
748 3391 813 3458 viri
829 3392 1007 3476 injuratos
1024 3391 1238 3475 eligerentur,
1254 3389 1463 3471 proficerent,

270 3511 332 3559 nec
347 3493 549 3574 aliqualiter
579 3496 772 3575 populorum
802 3495 1056 3576 sapientumque
1086 3513 1244 3562 numerus
1275 3496 1462 3577 susciperet

269 3598 515 3664 incrementum.

483 3789 728 3869 Capitulum
752 3789 957 3856 XXXVIII:
984 3791 1043 3856 De
1062 3791 1248 3873 judaeis,

371 3946 444 4011 431.
471 3943 584 4007 Utrum
613 3945 720 4026 possit
750 3945 818 4006 dici
846 3944 945 4006 bornus
970 3947 1005 4006 111
1027 3947 1149 4029 agrando
1172 3955 1202 4009 ot
1225 3944 1461 4028 respondcod0.'

270 4047 420 4132 Quidam,
454 4048 507 4114 cni
541 4066 645 4129 equus
677 4050 920 4131 arrestabatur,
953 4049 1037 4115 dixit
1070 4068 1181 4115 coram
1209 4048 1345 4132 judicio,
1377 4049 1461 4130 quod

268 4155 407 4234 probum
437 4152 553 4234 virum,
587 4153 673 4232 apud
705 4170 799 4229 quem
823 4153 1031 4233 praedictum
1057 4171 1175 4232 equum
1200 4153 1288 4235 emit,
1311 4171 1373 4235 pro
1394 4154 1460 4236 ejus

268 4255 511 4339 disbrigatione
546 4259 696 4321 statuere
729 4256 841 4321 vellet.
871 4257 1027 4322 Instante
1056 4273 1136 4324 vero
1166 4257 1309 4323 termino
1345 4254 1456 4343 judieii

268 4361 441 4439 quemdam
464 4360 586 4424 statuIt
603 4357 769 4443 Judaeum,
793 4365 911 4426 contra
935 4379 1029 4441 quem
1053 4359 1268 4427 adversarius
1290 4361 1458 4443 excipiens
