3275 5009
306 314 356 367 190
688 397 690 402 Ι
821 319 986 374 Sententiae

302 529 406 594 matio
430 546 495 593 non
519 529 696 610 dependet,
714 530 831 612 jurare
855 529 981 595 debens
1004 529 1038 595 in
1057 528 1248 612 juramento
1264 531 1494 615 cespitaverit:

303 653 369 700 uon
392 637 445 700 est
469 637 606 715 propter
628 632 690 698 boc
710 631 912 717 judicandus
935 633 970 699 in
993 651 1095 701 causa
1124 634 1301 717 principali
1330 636 1492 702 corruisse

302 737 465 804 totaliter.

406 893 467 956 461
472 947 479 960 .
495 894 546 958 Dc
554 897 743 979 juramento
759 896 795 956 ia
812 916 903 958 cruce
919 897 1016 971 facto,
1037 896 1237 980 Notandum,
1252 899 1340 976 quod
1356 895 1383 961 si
1401 900 1495 961 actor

302 1001 398 1086 petit,
422 1019 499 1067 reus
523 1000 624 1066 debet
643 1001 759 1084 jurare
781 1000 817 1067 in
841 1019 940 1067 cruce
964 1019 1031 1067 non
1053 1000 1294 1085 qualicumque,
1314 1002 1373 1066 sed
1388 1001 1424 1066 in
1439 999 1494 1065 illa

301 1109 488 1187 dumtaxat,
511 1105 546 1170 in
569 1122 635 1185 qua
652 1103 783 1186 siguum
801 1105 966 1184 passionis
983 1103 1116 1170 Domini
1132 1105 1178 1172 sit
1193 1122 1402 1188 expressum3
1426 1122 1495 1170 cum

295 1213 416 1296 jurans
439 1209 523 1275 dicit
548 1209 583 1274 in
603 1209 792 1291 juramento
818 1208 893 1290 „Sic
916 1227 967 1274 me
985 1209 1084 1292 juvet
1107 1210 1199 1282 Deus
1222 1218 1257 1275 et
1280 1209 1347 1274 ista
1373 1211 1493 1274 crux“:

300 1314 349 1381 ibi
383 1333 464 1380 crux
508 1313 697 1394 passionem
735 1311 871 1378 Domini
908 1318 1152 1396 repraesentat,
1190 1317 1225 1380 et
1262 1331 1327 1379 non
1365 1331 1496 1379 crucem

300 1418 443 1506 ligneam
456 1418 511 1483 vel
522 1417 674 1501 ferream,
691 1436 777 1498 quae
793 1418 876 1484 nulli
893 1423 1047 1500 praestat
1062 1418 1247 1485 subsidium
1263 1418 1318 1484 vel
1328 1418 1494 1502 juvamen.

405 1592 477 1658 462.
496 1591 544 1653 De
561 1591 702 1671 curibus,
719 1593 776 1676 qui
790 1594 1108 1678 circcjurameotum
1121 1594 1317 1676 ronticqrmt,
1331 1591 1372 1657 Iu
1384 1590 1495 1658 causis

302 1695 458 1762 civilibus
488 1695 543 1761 vel
574 1695 812 1780 criminalibus,
840 1697 870 1762 si
894 1699 1011 1782 jurare
1041 1697 1166 1765 debens
1198 1715 1258 1778 per
1287 1694 1496 1762 diffinitivam

299 1801 514 1884 senteutiam,
535 1803 622 1880 quod
642 1803 743 1885 juret,
767 1806 803 1866 et
826 1820 886 1883 per
898 1801 1022 1886 judicis
1038 1801 1249 1878 sententiam,
1266 1801 1353 1888 quod
1369 1799 1495 1882 digitos

300 1906 393 1973 levet
414 1906 469 1969 vel
493 1905 585 1972 cruci
604 1907 673 1988 jam
696 1906 927 1988 superpositos
951 1906 1005 1973 vel
1028 1906 1159 1972 levatos
1175 1905 1286 1985 babet,
1303 1901 1496 1984 obtinuerit,

295 2010 526 2094 jurameutum
547 2028 639 2075 suum
665 2027 856 2090 processum
880 2010 1025 2086 babebit,
1048 2028 1111 2077 nec
1133 2008 1285 2090 acceptio
1309 2009 1362 2075 vel
1382 2008 1495 2091 appel·

298 2112 382 2204 latio
406 2117 523 2178 contra
546 2113 649 2178 talem
668 2115 839 2196 jurantem
863 2119 898 2178 et
917 2114 1141 2198 juramentum
1173 2130 1233 2195 per
1262 2113 1369 2195 ipsum
1399 2129 1495 2194 prae·

299 2218 463 2300 standum,
492 2234 577 2297 quae
608 2236 700 2298 prrus
730 2218 886 2300 neglecta
916 2221 1004 2296 sunt,
1033 2222 1192 2298 poterunt
1215 2215 1401 2297 interponi3
1434 2215 1497 2280 imo
1610 2285 1612 2294 ,

298 2320 499 2402 quicumque
514 2327 631 2403 postea
647 2321 771 2405 digitos
789 2321 854 2388 sibi
869 2323 1069 2388 subtrahere
1084 2321 1139 2388 vel
1155 2323 1196 2388 de
1213 2338 1312 2386 cruce
1329 2322 1496 2401 deponere

299 2425 572 2508 praesumpserit,
606 2427 694 2506 quod
727 2426 916 2509 vulgariter
952 2426 1325 2510 „abstreychen“
1360 2425 1497 2506 dicitur,

300 2529 446 2610 quinque
483 2529 586 2596 libras
625 2550 683 2612 pro
722 2533 863 2598 emenda
901 2531 1021 2614 solvet,
1054 2533 1245 2616 juramento
1280 2529 1496 2596 nibilominus
1607 2529 1611 2556 ¹

299 2636 395 2699 modo
420 2635 533 2700 debito
552 2637 766 2716 procedente.
1611 2633 1612 2636 ’

403 2754 444 2820 In
456 2757 736 2823 artestationibus·
749 2775 907 2838 equorum
918 2742 1048 2825 tantum
1061 2777 1135 2824 oum
1146 2757 1388 2839 protestatione
1401 2773 1496 2838 prae·

298 2859 401 2925 missa
423 2860 561 2925 testium
585 2861 639 2926 vel
659 2863 922 2944 juramentorum
945 2863 1135 2931 admittitur
1157 2860 1314 2944 repulsio,
1337 2863 1496 2943 eomodo,

298 2965 387 3030 sicut
418 2964 571 3045 superius
601 2965 636 3031 in
667 2967 845 3032 sententiis
873 2966 944 3048 ,De
967 2965 1267 3032 arrestatiouibus“
1294 2966 1497 3032 continetur.

385 3221 643 3302 Capitulum
662 3223 740 3287 XL:
772 3222 1104 3307 Dejuratorum
1128 3221 1405 3289 testimonio.
1456 3235 1459 3237 “

401 3379 473 3443 463.
498 3379 548 3442 De
562 3382 753 3462 juratorum
777 3381 960 3442 testimonio
985 3391 1098 3443 contra
1121 3402 1161 3445 so.
1188 3380 1286 3446 Licet
1304 3379 1412 3461 jurati
1437 3396 1496 3461 pru

298 3501 400 3548 causa
422 3483 547 3551 actoris
571 3486 625 3550 vel
648 3483 698 3548 rei
721 3484 842 3550 testari
867 3485 1006 3568 possint,
1036 3485 1071 3551 in
1095 3503 1198 3550 eausa
1219 3494 1333 3566 tamen
1358 3483 1496 3565 propria
1599 3550 1601 3553 .

298 3605 358 3669 pro
388 3605 424 3652 se
459 3587 542 3672 ipsis
573 3587 799 3653 testimonium
833 3587 923 3655 ferre
957 3608 1024 3655 non
1058 3595 1205 3672 possunt,
1239 3587 1317 3667 quia
1349 3587 1498 3666 aliquem

296 3690 395 3758 simul
417 3697 565 3759 actorem
589 3696 624 3757 et
646 3694 769 3756 testem
793 3710 957 3759 essenon
981 3700 1142 3759 consonat
1164 3692 1338 3773 aequitati.
1381 3750 1383 3753 .

400 3863 474 3928 464.
495 3862 611 3926 Jcraa·
638 3873 765 3948 aquales
796 3864 847 3930 uel
875 3866 1101 3949 respondentes
1125 3866 1291 3951 jurabunt
1320 3867 1354 3928 in
1391 3887 1500 3932 cruce.

297 3965 396 4032 Licet
417 3961 547 4049 juratus
571 3967 718 4048 proelio
743 3968 968 4034 testimonium
992 3968 1105 4058 ferens
1122 3989 1254 4037 crucem
1268 3972 1412 4056 jurando
1429 3989 1498 4038 non

297 4075 417 4153 tangat
441 4069 496 4136 vel
519 4070 643 4154 digitos
677 4090 743 4137 non
775 4073 883 4141 levet:
914 4078 1028 4139 tamen
1058 4074 1165 4141 vicem
1197 4075 1322 4141 actoris
1354 4074 1410 4141 vel
1445 4075 1498 4142 rei

295 4193 418 4260 gerens
442 4176 476 4241 in
492 4194 597 4243 *cruce
621 4177 676 4242 vel
699 4177 823 4261 digitos
847 4179 989 4244 levando
1008 4178 1147 4264 iurabit,
1170 4179 1257 4248 sicut
1287 4181 1374 4246 alter
1404 4197 1495 4246 eom·

297 4279 406 4346 munis
431 4282 535 4347 homo.
1227 4318 1230 4320 v
