3275 5009
301 355 337 408 78
619 321 622 326 Ι
819 355 986 410 Sententiae

299 560 446 628 tionibus
459 563 694 645 promissorum
710 562 904 645 specialium
917 563 1052 647 J'ustitia
1068 569 1104 631 et
1119 566 1325 632 consuetudo
1344 565 1492 634 civitatis

297 666 456 734 similiter
480 670 714 734 observentur.

402 824 477 888 131.
519 823 574 887 Aa
614 825 709 903 r'dsm,
753 833 910 908 quarelam
951 825 997 888 od
1033 844 1193 907 expansus
1230 824 1382 909 obstapii.
1420 827 1499 893 Cum

299 930 520 996 Weuoeslaus
544 934 579 995 et
601 929 774 996 Johauues
797 929 945 1013 Pragam
968 930 1011 994 ad
1034 929 1274 1010 praestandum
1301 932 1497 1012 obstagium,

298 1033 387 1099 siout
409 1034 442 1100 in
467 1033 607 1100 solidum
633 1033 867 1118 promiserant,
890 1037 1106 1114 vocarentur,
1141 1032 1358 1100 Weuceslaus
1390 1053 1498 1102 eoram

290 1137 418 1221 jnratis
440 1139 474 1206 in
498 1136 636 1204 oonsilio
660 1137 783 1219 petivit
805 1137 1002 1220 Johannem,
1025 1138 1112 1216 quod
1135 1156 1200 1203 uua
1224 1155 1335 1204 secum
1353 1139 1494 1221 Pragum

296 1245 505 1310 ascenderet.
522 1242 587 1326 Qui
601 1242 785 1325 respoudit,
801 1244 889 1322 quod
900 1243 942 1308 ad
956 1243 1158 1323 parcendum
1173 1243 1331 1328 expensis
1343 1243 1496 1325 obstagil,

297 1352 427 1429 partem
458 1346 573 1430 debiti,
603 1365 677 1414 eum
712 1346 972 1430 contingentem,
1008 1347 1112 1416 vellet
1145 1346 1297 1415 breviter
1331 1347 1495 1414 ordinare.
1597 1363 1601 1447 ᾖ

295 1451 517 1518 Wenceslaus
528 1450 638 1533 igitur,
650 1451 714 1516 hac
726 1450 929 1532 interposite
941 1451 1196 1535 protestatione,
1209 1453 1287 1533 quia
1303 1453 1495 1534 promissum

295 1575 398 1639 suum,
432 1554 629 1621 monitiones
668 1555 866 1636 inportunas
904 1555 1021 1621 audire
1055 1555 1181 1638 nolens,
1211 1574 1350 1623 servare
1381 1557 1495 1634 vellet,

292 1659 480 1742 obstagium
496 1659 647 1726 intravit.
663 1658 797 1726 Etcum
813 1661 1010 1740 permultos
1026 1661 1098 1727 dues
1114 1660 1149 1726 in
1165 1661 1237 1742 ipso
1251 1659 1493 1738 continuasset,

293 1762 471 1844 quaesivit,
495 1770 606 1830 utrum
628 1764 652 1829 J
654 1765 802 1830 ohannes
825 1764 956 1830 ratione
972 1763 1135 1848 promissi,
1153 1783 1285 1847 pereas
1302 1764 1490 1830 insolidum

292 1867 383 1950 facti,
409 1887 585 1951 expensas,
606 1885 689 1948 quas
712 1868 746 1934 in
772 1870 926 1953 obstagia
949 1866 1097 1953 fecisset,
1119 1869 1153 1936 in
1178 1874 1274 1951 parte
1297 1869 1405 1935 media
1431 1871 1490 1935 sol·
1596 1948 1601 1963 Ι

293 1991 373 2041 vere
408 1991 472 2039 non
506 1971 672 2040 deberet?
705 1971 880 2038 Johannes
918 1989 997 2040 vero
1031 1972 1200 2052 quaesivit
1233 1981 1381 2056 econtra,
1414 1991 1489 2039 cum
1594 1966 1601 2054 Ξ

293 2076 423 2159 ipsein
455 2078 560 2159 prima
590 2077 766 2143 vocatione
795 2077 985 2160 obstagium
1016 2077 1260 2143 contradixerit
1289 2083 1324 2143 et
1356 2077 1491 2144 interim
1595 2096 1600 2112 ·

292 2181 492 2247 monitiones
510 2182 719 2248 verecundas
735 2180 944 2264 sustinuerit,
963 2185 1070 2247 utrum
1088 2182 1129 2247 de
1145 2180 1311 2246 solutione
1327 2181 1492 2248 dictarum

290 2303 515 2367 expensarum
539 2304 605 2352 non
629 2287 752 2352 debeat
775 2283 992 2368 supportari?
1108 2382 1111 2387 Ι

395 2388 630 2471 Superquo
647 2387 890 2455 diffinitum
907 2386 1491 2472 est:QuodallegationeJobannis,

289 2493 344 2559 cui
368 2495 563 2575 promissum
578 2494 701 2571 obviat,
725 2495 975 2576 nonobstante,
992 2492 1112 2573 petitio
1129 2491 1321 2557 Wenceslai
1337 2497 1389 2558 est
1405 2497 1489 2558 tam-

288 2615 387 2677 quam
411 2597 621 2665 rationabilis
651 2599 870 2664 admittenda.
901 2597 998 2664 Unde
1031 2601 1130 2662 tanta
1166 2601 1220 2662 est
1251 2595 1303 2664 vis
1334 2598 1489 2678 promissi
1599 2621 1600 2624 ¹

289 2699 462 2783 importati
485 2719 544 2783 per
566 2701 746 2768 dictionem
773 2701 827 2782 ,in
843 2702 1014 2785 solidum“,
1032 2702 1118 2781 quod
1135 2700 1158 2766 J
1160 2700 1307 2766 obannes
1322 2718 1487 2784 expensas

288 2823 350 2886 per
371 2805 605 2872 Wenceslaum
628 2806 737 2873 factas
761 2809 894 2875 solvere
915 2809 1053 2872 tenetur
1075 2804 1211 2888 medias,
1233 2804 1306 2886 ipso
1326 2803 1410 2887 jure.

393 2962 466 3026 132.
498 2960 553 3023 Aa
583 2962 677 3039 idem,
713 2970 869 3045 quantam
907 2962 951 3024 ad
980 2960 1201 3043 fidejussores.
1241 2957 1380 3044 Quidam
1411 2979 1486 3042 pro·

288 3071 472 3145 posuerunt
502 3067 591 3131 buno
618 3084 746 3132 casum:
780 3066 865 3133 Tres
899 3065 1006 3136 nostri
1041 3066 1195 3136 concives
1227 3066 1356 3132 cuidam
1383 3065 1487 3134 nobili

287 3169 323 3233 in
350 3168 547 3247 quibusdam
572 3170 694 3235 debitis
717 3167 868 3252 obligati,
891 3188 965 3236 cum
990 3187 1045 3235 eos
1069 3169 1211 3236 ulterius
1234 3169 1307 3236 sine
1330 3168 1486 3236 cautione

287 3273 498 3355 fidejussoria
541 3271 713 3339 induciare
758 3272 873 3354 nollet,
925 3273 1120 3353 petiverunt
1170 3277 1333 3356 quartum,
1384 3273 1485 3340 etiam
1600 3315 1601 3358 ,

287 3381 438 3442 nostrum
462 3376 640 3459 concivem,
664 3378 751 3455 quod
776 3394 835 3456 pro
859 3377 907 3442 eis
930 3375 964 3441 iu
987 3376 1127 3444 solidum
1159 3374 1365 3459 fidejuberet.
1390 3377 1484 3462 Quod
1594 3411 1601 3435 ,

287 3498 360 3545 cum
375 3479 523 3562 fecisset,
538 3479 689 3545 instante
701 3480 843 3546 termino
856 3480 1041 3563 solutionis,
1053 3481 1173 3548 nobilis
1186 3481 1390 3562 praedictus,
1406 3483 1484 3561 quia

286 3601 348 3665 per
370 3584 540 3649 debitores
565 3590 705 3665 paganus
730 3603 795 3650 non
818 3583 883 3650 ruit
903 3584 1113 3667 principales,
1130 3592 1235 3650 totum
1251 3603 1273 3649 a
1287 3586 1483 3670 fidejussore

284 3687 434 3753 debitum
456 3688 626 3768 repetivit.
652 3688 716 3772 Qui
738 3688 862 3772 judicio
889 3706 950 3754 seu
972 3687 1077 3754 forma
1099 3689 1182 3773 juris
1207 3689 1403 3770 compulsus
1427 3691 1480 3755 de-

285 3791 400 3874 bitum,
409 3793 495 3871 quod
506 3810 579 3857 oum
589 3810 706 3874 magno
718 3797 861 3874 dampno
873 3791 975 3859 nobili
988 3793 1160 3874 persolvit,
1169 3795 1285 3860 abuno
1295 3793 1482 3859 debitorum

283 3894 524 3978 principalium,
540 3894 597 3974 qui
612 3897 656 3960 ad
671 3896 734 3960 hoc
750 3894 903 3961 sufficere
918 3896 982 3963 sibi
998 3895 1184 3980 videbatur,
1200 3895 1324 3963 ceteris
1340 3897 1478 3979 duobus,

282 3998 361 4078 quia
391 4000 491 4064 rebus
519 4005 646 4082 carent,
677 3997 793 4065 liberis
827 3999 982 4080 dimissis,
1015 4001 1165 4082 postulet
1197 3999 1413 4083 justitialiter
1447 4007 1481 4068 et

283 4102 435 4185 requirit,
457 4103 620 4186 allegans:
653 4103 733 4170 Oum
763 4104 838 4184 ipse
869 4109 1005 4185 rogatus
1036 4104 1168 4171 sincera
1196 4103 1261 4169 fide
1287 4103 1479 4184 protritus

282 4207 490 4275 debitoribus
513 4207 547 4272 in
570 4208 711 4274 solidum
733 4226 771 4273 se
796 4206 1011 4274 constituerit
1030 4207 1268 4289 fideiussorem,
1290 4213 1401 4273 utrum
1416 4225 1480 4274 non

276 4310 494 4392 justitialiter
515 4310 599 4377 dicti
620 4318 692 4378 tres
712 4311 867 4376 similiter
884 4313 927 4376 ad
943 4311 1169 4377 redimendum
1186 4328 1258 4377 eum
1274 4310 1481 4393 indempnem
